<?xml version="1.0" encoding="UTF-8"?>
<!DOCTYPE html PUBLIC "-//W3C//DTD XHTML 1.0 Transitional//EN"
    "http://www.w3.org/TR/xhtml1/DTD/xhtml1-transitional.dtd">
<html xmlns="http://www.w3.org/1999/xhtml" xml:lang="en" lang="en">
 <head>
  <title>
</title>
<meta http-equiv="Content-Type" content="text/html;charset=utf-8" />
  <meta name='ocr-system' content='tesseract 3.04.00' />
  <meta name='ocr-capabilities' content='ocr_page ocr_carea ocr_par ocr_line ocrx_word'/>
</head>
<body>
  <div class='ocr_page' id='page_1' title='image "./4770960_0028.png"; bbox 0 0 2464 3828; ppageno 0'>
   <div class='ocr_carea' id='block_1_1' title="bbox 485 0 623 235">
    <p class='ocr_par' dir='ltr' id='par_1_1' title="bbox 485 0 629 240">
     <span class='ocr_line' id='line_1_1' title="bbox 485 0 623 235; baseline 0.09 -9"><span class='ocrx_word' id='word_1_1' title='bbox 485 0 623 235; x_wconf 52' lang='lat' dir='ltr'>k</span> 
     </span>
    </p>
   </div>
   <div class='ocr_carea' id='block_1_2' title="bbox 600 242 1395 323">
    <p class='ocr_par' dir='ltr' id='par_1_2' title="bbox 600 242 1395 323">
     <span class='ocr_line' id='line_1_2' title="bbox 600 242 1395 323; baseline 0.003 -15"><span class='ocrx_word' id='word_1_2' title='bbox 600 242 637 309; x_wconf 65' lang='grc' dir='ltr'><strong>ἐ..</strong></span> <span class='ocrx_word' id='word_1_3' title='bbox 1060 277 1395 323; x_wconf 68' lang='lat'><strong>-22-</strong></span> 
     </span>
    </p>
   </div>
   <div class='ocr_carea' id='block_1_3' title="bbox 270 407 2171 765">
    <p class='ocr_par' dir='ltr' id='par_1_3' title="bbox 270 407 2171 765">
     <span class='ocr_line' id='line_1_3' title="bbox 271 407 2169 765; baseline -0.001 -309"><span class='ocrx_word' id='word_1_4' title='bbox 271 416 370 456; x_wconf 73' lang='lat' dir='ltr'><strong>siem</strong></span> <span class='ocrx_word' id='word_1_5' title='bbox 399 414 471 455; x_wconf 76' lang='lat' dir='ltr'><strong>dae</strong></span> <span class='ocrx_word' id='word_1_6' title='bbox 501 407 763 765; x_wconf 58' lang='grc' dir='ltr'><strong>ἆγοςὲ</strong></span> <span class='ocrx_word' id='word_1_7' title='bbox 779 415 955 468; x_wconf 73' lang='lat' dir='ltr'><strong>lediylich</strong></span> <span class='ocrx_word' id='word_1_8' title='bbox 984 415 1060 466; x_wconf 73' lang='lat' dir='ltr'><strong>atas</strong></span> <span class='ocrx_word' id='word_1_9' title='bbox 1086 414 1282 467; x_wconf 67' lang='lat' dir='ltr'><strong>Odyssean</strong></span> <span class='ocrx_word' id='word_1_10' title='bbox 1318 413 1478 454; x_wconf 70' lang='lat' dir='ltr'><strong>bezielw.</strong></span> <span class='ocrx_word' id='word_1_11' title='bbox 1529 412 1614 452; x_wconf 82' lang='lat' dir='ltr'><strong>Das</strong></span> <span class='ocrx_word' id='word_1_12' title='bbox 1647 413 1698 453; x_wconf 76' lang='lat' dir='ltr'><strong>ist</strong></span> <span class='ocrx_word' id='word_1_13' title='bbox 1728 413 1823 453; x_wconf 78' lang='lat' dir='ltr'><strong>aber</strong></span> <span class='ocrx_word' id='word_1_14' title='bbox 1851 414 1953 454; x_wconf 76' lang='lat' dir='ltr'><strong>nach</strong></span> <span class='ocrx_word' id='word_1_15' title='bbox 1978 414 2015 454; x_wconf 82' lang='lat' dir='ltr'><strong>V.</strong></span> <span class='ocrx_word' id='word_1_16' title='bbox 2029 413 2121 467; x_wconf 32' lang='lat'><strong>‚342</strong></span> <span class='ocrx_word' id='word_1_17' title='bbox 2138 415 2169 466; x_wconf 77' lang='lat' dir='ltr'><strong>f.</strong></span> 
     </span>
     <span class='ocr_line' id='line_1_4' title="bbox 270 487 2171 545; baseline 0.001 -15"><span class='ocrx_word' id='word_1_18' title='bbox 270 490 512 531; x_wconf 69' lang='lat' dir='ltr'><strong>mechieden</strong></span> <span class='ocrx_word' id='word_1_19' title='bbox 538 491 618 545; x_wconf 73' lang='lat' dir='ltr'><strong>fala</strong></span> <span class='ocrx_word' id='word_1_20' title='bbox 736 491 877 533; x_wconf 79' lang='lat' dir='ltr'><strong>Nestor</strong></span> <span class='ocrx_word' id='word_1_21' title='bbox 919 490 1038 530; x_wconf 67' lang='lat' dir='ltr'><strong>maim</strong></span> <span class='ocrx_word' id='word_1_22' title='bbox 1066 489 1284 543; x_wconf 55' lang='lat' dir='ltr'><strong>&amp;berham</strong></span> <span class='ocrx_word' id='word_1_23' title='bbox 1321 489 1383 529; x_wconf 75' lang='lat' dir='ltr'><strong>die</strong></span> <span class='ocrx_word' id='word_1_24' title='bbox 1415 499 1539 542; x_wconf 73' lang='lat' dir='ltr'><strong>qanzc</strong></span> <span class='ocrx_word' id='word_1_25' title='bbox 1569 487 1757 542; x_wconf 73' lang='lat' dir='ltr'><strong>bisheriqe</strong></span> <span class='ocrx_word' id='word_1_26' title='bbox 1791 488 2058 544; x_wconf 70' lang='lat' dir='ltr'><strong>Verbandlunq</strong></span> <span class='ocrx_word' id='word_1_27' title='bbox 2088 490 2171 531; x_wconf 74' lang='lat' dir='ltr'><strong>cin-</strong></span> 
     </span>
    </p>
   </div>
   <div class='ocr_carea' id='block_1_4' title="bbox 266 555 2175 3208">
    <p class='ocr_par' dir='ltr' id='par_1_4' title="bbox 269 555 2175 1075">
     <span class='ocr_line' id='line_1_5' title="bbox 269 555 2173 619; baseline 0 -14"><span class='ocrx_word' id='word_1_28' title='bbox 269 566 502 619; x_wconf 67' lang='lat' dir='ltr'><strong>schueselich</strong></span> <span class='ocrx_word' id='word_1_29' title='bbox 541 568 607 607; x_wconf 79' lang='lat' dir='ltr'><strong>des</strong></span> <span class='ocrx_word' id='word_1_30' title='bbox 647 555 655 558; x_wconf 35' lang='lat'><strong>³</strong></span> <span class='ocrx_word' id='word_1_31' title='bbox 740 567 803 605; x_wconf 80' lang='lat' dir='ltr'><strong>‘es</strong></span> <span class='ocrx_word' id='word_1_32' title='bbox 841 566 913 604; x_wconf 71' lang='lat' dir='ltr'><strong>mit</strong></span> <span class='ocrx_word' id='word_1_33' title='bbox 943 565 1148 605; x_wconf 74' lang='lat' dir='ltr'><strong>Thersites.</strong></span> <span class='ocrx_word' id='word_1_34' title='bbox 1213 564 1307 607; x_wconf 74' lang='lat' dir='ltr'><strong>Was</strong></span> <span class='ocrx_word' id='word_1_35' title='bbox 1349 564 1436 615; x_wconf 68' lang='grc' dir='ltr'><strong>ΜΨ</strong></span> <span class='ocrx_word' id='word_1_36' title='bbox 1450 590 1462 609; x_wconf 84' lang='grc'><em>,</em></span> <span class='ocrx_word' id='word_1_37' title='bbox 1508 569 1598 616; x_wconf 73' lang='lat' dir='ltr'><strong>saqt</strong></span> <span class='ocrx_word' id='word_1_38' title='bbox 1633 575 1694 608; x_wconf 77' lang='lat' dir='ltr'><strong>er,</strong></span> <span class='ocrx_word' id='word_1_39' title='bbox 1731 563 1796 603; x_wconf 75' lang='lat' dir='ltr'><strong>al!</strong></span> <span class='ocrx_word' id='word_1_40' title='bbox 1826 564 1898 603; x_wconf 81' lang='lat' dir='ltr'><strong>das</strong></span> <span class='ocrx_word' id='word_1_41' title='bbox 1927 565 2077 611; x_wconf 73' lang='lat' dir='ltr'><strong>Redem</strong></span> <span class='ocrx_word' id='word_1_42' title='bbox 2123 566 2173 605; x_wconf 87' lang='lat' dir='ltr'><strong>da</strong></span> 
     </span>
     <span class='ocr_line' id='line_1_6' title="bbox 270 624 2171 699; baseline -0.003 -16"><span class='ocrx_word' id='word_1_43' title='bbox 270 644 346 683; x_wconf 74' lang='lat' dir='ltr'><strong>wir</strong></span> <span class='ocrx_word' id='word_1_44' title='bbox 384 644 506 683; x_wconf 73' lang='lat' dir='ltr'><strong>durch</strong></span> <span class='ocrx_word' id='word_1_45' title='bbox 545 644 596 682; x_wconf 84' lang='lat' dir='ltr'><strong>Sc</strong></span> <span class='ocrx_word' id='word_1_46' title='bbox 680 624 690 630; x_wconf 29' lang='lat' dir='ltr'><strong>h</strong></span> <span class='ocrx_word' id='word_1_47' title='bbox 709 673 717 699; x_wconf 58' lang='lat'>3</span> <span class='ocrx_word' id='word_1_48' title='bbox 741 642 826 681; x_wconf 73' lang='lat' dir='ltr'><strong>und</strong></span> <span class='ocrx_word' id='word_1_49' title='bbox 853 642 1105 693; x_wconf 72' lang='lat' dir='ltr'><strong>Handsohlaq</strong></span> <span class='ocrx_word' id='word_1_50' title='bbox 1147 641 1345 693; x_wconf 75' lang='lat' dir='ltr'><strong>qebunden</strong></span> <span class='ocrx_word' id='word_1_51' title='bbox 1382 639 1493 685; x_wconf 70' lang='lat' dir='ltr'><strong>sind,</strong></span> <span class='ocrx_word' id='word_1_52' title='bbox 1537 652 1582 679; x_wconf 82' lang='lat' dir='ltr'><strong>so</strong></span> <span class='ocrx_word' id='word_1_53' title='bbox 1621 638 1724 691; x_wconf 78' lang='lat' dir='ltr'><strong>musa</strong></span> <span class='ocrx_word' id='word_1_54' title='bbox 1751 640 1951 691; x_wconf 75' lang='lat' dir='ltr'><strong>qehandele</strong></span> <span class='ocrx_word' id='word_1_55' title='bbox 1981 642 2171 680; x_wconf 60' lang='lat' dir='ltr'><strong>werden«</strong></span> 
     </span>
     <span class='ocr_line' id='line_1_7' title="bbox 273 711 2171 772; baseline -0.003 -12"><span class='ocrx_word' id='word_1_56' title='bbox 273 716 423 772; x_wconf 82' lang='lat' dir='ltr'>Neque</span> <span class='ocrx_word' id='word_1_57' title='bbox 453 715 573 758; x_wconf 86' lang='lat' dir='ltr'><strong>aliter</strong></span> <span class='ocrx_word' id='word_1_58' title='bbox 603 728 684 770; x_wconf 88' lang='lat' dir='ltr'><strong>ego</strong></span> <span class='ocrx_word' id='word_1_59' title='bbox 706 713 838 757; x_wconf 90' lang='lat' dir='ltr'><strong>lum</strong></span> <span class='ocrx_word' id='word_1_60' title='bbox 869 713 1011 757; x_wconf 90' lang='lat' dir='ltr'><strong>locum</strong></span> <span class='ocrx_word' id='word_1_61' title='bbox 1043 714 1261 762; x_wconf 77' lang='lat' dir='ltr'><strong>intellexi,</strong></span> <span class='ocrx_word' id='word_1_62' title='bbox 1310 711 1383 756; x_wconf 92' lang='lat' dir='ltr'><strong>sed</strong></span> <span class='ocrx_word' id='word_1_63' title='bbox 1424 712 1626 769; x_wconf 87' lang='lat' dir='ltr'><strong>quoniam</strong></span> <span class='ocrx_word' id='word_1_64' title='bbox 1665 720 1811 764; x_wconf 77' lang='lat' dir='ltr'><strong>„tota</strong></span> <span class='ocrx_word' id='word_1_65' title='bbox 1850 712 1943 754; x_wconf 91' lang='lat' dir='ltr'><strong>illa</strong></span> <span class='ocrx_word' id='word_1_66' title='bbox 1986 713 2171 755; x_wconf 63' lang='lat' dir='ltr'><strong>actio«</strong></span> 
     </span>
     <span class='ocr_line' id='line_1_8' title="bbox 275 775 2174 846; baseline -0.003 -9"><span class='ocrx_word' id='word_1_67' title='bbox 275 798 433 837; x_wconf 87' lang='lat' dir='ltr'><strong>tantum</strong></span> <span class='ocrx_word' id='word_1_68' title='bbox 464 802 549 834; x_wconf 86' lang='lat' dir='ltr'><strong>una</strong></span> <span class='ocrx_word' id='word_1_69' title='bbox 580 789 668 834; x_wconf 87' lang='lat' dir='ltr'><strong>The</strong></span> <span class='ocrx_word' id='word_1_70' title='bbox 738 815 747 842; x_wconf 66' lang='grc' dir='ltr'>ς</span> <span class='ocrx_word' id='word_1_71' title='bbox 775 803 823 840; x_wconf 90' lang='lat' dir='ltr'><strong>e,</strong></span> <span class='ocrx_word' id='word_1_72' title='bbox 857 788 1022 835; x_wconf 90' lang='lat' dir='ltr'><strong>duabus</strong></span> <span class='ocrx_word' id='word_1_73' title='bbox 1043 789 1178 836; x_wconf 81' lang='lat' dir='ltr'>Ulixis</span> <span class='ocrx_word' id='word_1_74' title='bbox 1199 788 1461 835; x_wconf 88' lang='lat' dir='ltr'><strong>orationibus</strong></span> <span class='ocrx_word' id='word_1_75' title='bbox 1492 794 1681 837; x_wconf 89' lang='lat' dir='ltr'><strong>constat,</strong></span> <span class='ocrx_word' id='word_1_76' title='bbox 1713 795 1830 846; x_wconf 90' lang='lat' dir='ltr'><strong>patet</strong></span> <span class='ocrx_word' id='word_1_77' title='bbox 1859 775 2031 845; x_wconf 80' lang='lat' dir='ltr'><strong>gravem</strong></span> <span class='ocrx_word' id='word_1_78' title='bbox 2061 787 2174 832; x_wconf 89' lang='lat' dir='ltr'><strong>illam</strong></span> 
     </span>
     <span class='ocr_line' id='line_1_9' title="bbox 274 856 2175 931; baseline -0.001 -21"><span class='ocrx_word' id='word_1_79' title='bbox 274 866 624 924; x_wconf 78' lang='lat' dir='ltr'><strong>vituperationem</strong></span> <span class='ocrx_word' id='word_1_80' title='bbox 655 867 698 910; x_wconf 92' lang='lat' dir='ltr'><strong>in</strong></span> <span class='ocrx_word' id='word_1_81' title='bbox 748 881 832 911; x_wconf 87' lang='lat' dir='ltr'><strong>unc</strong></span> <span class='ocrx_word' id='word_1_82' title='bbox 853 866 986 923; x_wconf 87' lang='lat' dir='ltr'><strong>magis</strong></span> <span class='ocrx_word' id='word_1_83' title='bbox 1006 866 1096 909; x_wconf 84' lang='lat' dir='ltr'><strong>fere</strong></span> <span class='ocrx_word' id='word_1_84' title='bbox 1117 880 1246 923; x_wconf 83' lang='lat' dir='ltr'><strong>quam</strong></span> <span class='ocrx_word' id='word_1_85' title='bbox 1268 867 1311 909; x_wconf 91' lang='lat' dir='ltr'><strong>in</strong></span> <span class='ocrx_word' id='word_1_86' title='bbox 1342 866 1461 910; x_wconf 91' lang='lat' dir='ltr'><strong>illum</strong></span> <span class='ocrx_word' id='word_1_87' title='bbox 1494 867 1673 931; x_wconf 86' lang='lat' dir='ltr'><strong>cadere,</strong></span> <span class='ocrx_word' id='word_1_88' title='bbox 1708 856 1966 925; x_wconf 86' lang='lat' dir='ltr'><strong>quamquam</strong></span> <span class='ocrx_word' id='word_1_89' title='bbox 1997 866 2175 924; x_wconf 89' lang='lat' dir='ltr'><strong>iniquis-</strong></span> 
     </span>
     <span class='ocr_line' id='line_1_10' title="bbox 270 942 2174 999; baseline -0.001 -13"><span class='ocrx_word' id='word_1_90' title='bbox 270 944 398 990; x_wconf 87' lang='lat' dir='ltr'><strong>sime.</strong></span> <span class='ocrx_word' id='word_1_91' title='bbox 443 950 670 999; x_wconf 88' lang='lat' dir='ltr'><strong>propterea</strong></span> <span class='ocrx_word' id='word_1_92' title='bbox 773 942 829 985; x_wconf 90' lang='lat' dir='ltr'><strong>od</strong></span> <span class='ocrx_word' id='word_1_93' title='bbox 859 942 984 986; x_wconf 88' lang='lat' dir='ltr'><strong>etiam</strong></span> <span class='ocrx_word' id='word_1_94' title='bbox 1015 943 1159 987; x_wconf 84' lang='lat' dir='ltr'><strong>Ulixes</strong></span> <span class='ocrx_word' id='word_1_95' title='bbox 1195 950 1236 985; x_wconf 88' lang='lat' dir='ltr'><strong>et</strong></span> <span class='ocrx_word' id='word_1_96' title='bbox 1265 943 1473 999; x_wconf 88' lang='lat' dir='ltr'><strong>promissa</strong></span> <span class='ocrx_word' id='word_1_97' title='bbox 1505 943 1852 987; x_wconf 83' lang='lat' dir='ltr'><strong>commemoravit</strong></span> <span class='ocrx_word' id='word_1_98' title='bbox 1889 950 1931 985; x_wconf 90' lang='lat' dir='ltr'><strong>et</strong></span> <span class='ocrx_word' id='word_1_99' title='bbox 1961 942 2013 985; x_wconf 90' lang='lat' dir='ltr'><strong>ad</strong></span> <span class='ocrx_word' id='word_1_100' title='bbox 2045 955 2174 998; x_wconf 91' lang='lat' dir='ltr'><strong>agen-</strong></span> 
     </span>
     <span class='ocr_line' id='line_1_11' title="bbox 272 1001 739 1075; baseline -0.004 -13"><span class='ocrx_word' id='word_1_101' title='bbox 272 1017 372 1062; x_wconf 90' lang='lat' dir='ltr'><strong>dum</strong></span> <span class='ocrx_word' id='word_1_102' title='bbox 403 1018 663 1075; x_wconf 87' lang='lat' dir='ltr'><strong>provocavit.</strong></span> <span class='ocrx_word' id='word_1_103' title='bbox 710 1001 739 1044; x_wconf 62' lang='lat'><strong>&#39;&#39;-</strong></span> 
     </span>
    </p>

    <p class='ocr_par' dir='ltr' id='par_1_5' title="bbox 266 1095 2175 2135">
     <span class='ocr_line' id='line_1_12' title="bbox 386 1095 2174 1151; baseline -0.002 -13"><span class='ocrx_word' id='word_1_104' title='bbox 386 1095 609 1138; x_wconf 86' lang='lat' dir='ltr'><strong>Postremo</strong></span> <span class='ocrx_word' id='word_1_105' title='bbox 649 1101 894 1147; x_wconf 65' lang='lat' dir='ltr'><strong>notaveram</strong></span> <span class='ocrx_word' id='word_1_106' title='bbox 936 1108 1015 1137; x_wconf 91' lang='lat' dir='ltr'><strong>nec</strong></span> <span class='ocrx_word' id='word_1_107' title='bbox 1053 1095 1098 1138; x_wconf 93' lang='lat' dir='ltr'><strong>in</strong></span> <span class='ocrx_word' id='word_1_108' title='bbox 1137 1095 1470 1151; x_wconf 81' lang='lat' dir='ltr'><strong>Agamemnonis</strong></span> <span class='ocrx_word' id='word_1_109' title='bbox 1509 1095 1702 1139; x_wconf 89' lang='lat' dir='ltr'><strong>oratione</strong></span> <span class='ocrx_word' id='word_1_110' title='bbox 1742 1109 1884 1137; x_wconf 92' lang='lat' dir='ltr'><strong>rerum</strong></span> <span class='ocrx_word' id='word_1_111' title='bbox 1922 1095 2004 1137; x_wconf 91' lang='lat' dir='ltr'><strong>huc</strong></span> <span class='ocrx_word' id='word_1_112' title='bbox 2040 1107 2174 1150; x_wconf 88' lang='lat' dir='ltr'><strong>usque</strong></span> 
     </span>
     <span class='ocr_line' id='line_1_13' title="bbox 269 1155 2172 1291; baseline -0.001 -79"><span class='ocrx_word' id='word_1_113' title='bbox 269 1178 478 1226; x_wconf 90' lang='lat' dir='ltr'><strong>gestarum</strong></span> <span class='ocrx_word' id='word_1_114' title='bbox 520 1169 651 1212; x_wconf 90' lang='lat' dir='ltr'><strong>ullam</strong></span> <span class='ocrx_word' id='word_1_115' title='bbox 690 1155 897 1291; x_wconf 42' lang='lat' dir='ltr'><strong>rgionem</strong></span> <span class='ocrx_word' id='word_1_116' title='bbox 929 1170 1099 1219; x_wconf 84' lang='lat' dir='ltr'><strong>haberi;</strong></span> <span class='ocrx_word' id='word_1_117' title='bbox 1147 1169 1269 1212; x_wconf 87' lang='lat' dir='ltr'><strong>illum</strong></span> <span class='ocrx_word' id='word_1_118' title='bbox 1305 1185 1384 1213; x_wconf 88' lang='lat' dir='ltr'><strong>nec</strong></span> <span class='ocrx_word' id='word_1_119' title='bbox 1414 1184 1460 1212; x_wconf 90' lang='lat' dir='ltr'><strong>se</strong></span> <span class='ocrx_word' id='word_1_120' title='bbox 1490 1169 1684 1212; x_wconf 90' lang='lat' dir='ltr'><strong>simulate</strong></span> <span class='ocrx_word' id='word_1_121' title='bbox 1715 1170 1768 1212; x_wconf 87' lang='lat' dir='ltr'><strong>ad</strong></span> <span class='ocrx_word' id='word_1_122' title='bbox 1799 1170 1942 1226; x_wconf 82' lang='lat' dir='ltr'><strong>fugam</strong></span> <span class='ocrx_word' id='word_1_123' title='bbox 1973 1170 2172 1212; x_wconf 87' lang='lat' dir='ltr'><strong>adhorta·</strong></span> 
     </span>
     <span class='ocr_line' id='line_1_14' title="bbox 268 1245 2172 1310; baseline -0.001 -20"><span class='ocrx_word' id='word_1_124' title='bbox 268 1255 358 1290; x_wconf 91' lang='lat' dir='ltr'><strong>tum</strong></span> <span class='ocrx_word' id='word_1_125' title='bbox 390 1260 483 1290; x_wconf 90' lang='lat' dir='ltr'><strong>esse</strong></span> <span class='ocrx_word' id='word_1_126' title='bbox 513 1260 628 1290; x_wconf 90' lang='lat' dir='ltr'><strong>nunc</strong></span> <span class='ocrx_word' id='word_1_127' title='bbox 660 1254 730 1290; x_wconf 92' lang='lat' dir='ltr'><strong>tan</strong></span> <span class='ocrx_word' id='word_1_128' title='bbox 751 1260 830 1310; x_wconf 64' lang='lat' dir='ltr'><strong>⁵em</strong></span> <span class='ocrx_word' id='word_1_129' title='bbox 861 1245 1077 1307; x_wconf 80' lang='lat' dir='ltr'><strong>profiteri,</strong></span> <span class='ocrx_word' id='word_1_130' title='bbox 1110 1245 1184 1290; x_wconf 90' lang='lat' dir='ltr'><strong>sed</strong></span> <span class='ocrx_word' id='word_1_131' title='bbox 1208 1253 1371 1290; x_wconf 90' lang='lat' dir='ltr'><strong>tantum</strong></span> <span class='ocrx_word' id='word_1_132' title='bbox 1392 1246 1583 1290; x_wconf 83' lang='lat' dir='ltr'><strong>rixarum</strong></span> <span class='ocrx_word' id='word_1_133' title='bbox 1604 1246 1865 1290; x_wconf 90' lang='lat' dir='ltr'><strong>internarum</strong></span> <span class='ocrx_word' id='word_1_134' title='bbox 1887 1245 2027 1290; x_wconf 79' lang='lat' dir='ltr'><strong>facere</strong></span> <span class='ocrx_word' id='word_1_135' title='bbox 2053 1260 2172 1289; x_wconf 91' lang='lat' dir='ltr'><strong>men·</strong></span> 
     </span>
     <span class='ocr_line' id='line_1_15' title="bbox 268 1315 2173 1383; baseline -0.001 -19"><span class='ocrx_word' id='word_1_136' title='bbox 268 1321 450 1372; x_wconf 88' lang='lat' dir='ltr'><strong>tionem;</strong></span> <span class='ocrx_word' id='word_1_137' title='bbox 486 1335 565 1365; x_wconf 87' lang='lat' dir='ltr'><strong>nec</strong></span> <span class='ocrx_word' id='word_1_138' title='bbox 595 1315 759 1372; x_wconf 80' lang='lat' dir='ltr'><strong>Ulixis,</strong></span> <span class='ocrx_word' id='word_1_139' title='bbox 779 1322 868 1383; x_wconf 59' lang='lat' dir='ltr'><strong>3qui</strong></span> <span class='ocrx_word' id='word_1_140' title='bbox 897 1330 1038 1366; x_wconf 90' lang='lat' dir='ltr'><strong>tamen</strong></span> <span class='ocrx_word' id='word_1_141' title='bbox 1068 1321 1184 1365; x_wconf 83' lang='lat' dir='ltr'><strong>solus</strong></span> <span class='ocrx_word' id='word_1_142' title='bbox 1216 1320 1382 1379; x_wconf 89' lang='lat' dir='ltr'><strong>agendo</strong></span> <span class='ocrx_word' id='word_1_143' title='bbox 1414 1321 1642 1365; x_wconf 89' lang='lat' dir='ltr'><strong>restituerit</strong></span> <span class='ocrx_word' id='word_1_144' title='bbox 1671 1336 1786 1370; x_wconf 90' lang='lat' dir='ltr'><strong>rem,</strong></span> <span class='ocrx_word' id='word_1_145' title='bbox 1837 1336 1990 1364; x_wconf 89' lang='lat' dir='ltr'><strong>nomen</strong></span> <span class='ocrx_word' id='word_1_146' title='bbox 2022 1321 2173 1379; x_wconf 90' lang='lat' dir='ltr'><strong>appel-</strong></span> 
     </span>
     <span class='ocr_line' id='line_1_16' title="bbox 268 1384 2174 1455; baseline 0.001 -15"><span class='ocrx_word' id='word_1_147' title='bbox 268 1396 374 1447; x_wconf 89' lang='lat' dir='ltr'><strong>lare,</strong></span> <span class='ocrx_word' id='word_1_148' title='bbox 407 1395 481 1441; x_wconf 89' lang='lat' dir='ltr'><strong>sed</strong></span> <span class='ocrx_word' id='word_1_149' title='bbox 501 1397 671 1442; x_wconf 87' lang='lat' dir='ltr'><strong>Nestori</strong></span> <span class='ocrx_word' id='word_1_150' title='bbox 695 1384 860 1443; x_wconf 60' lang='lat' dir='ltr'><strong>tantiam</strong></span> <span class='ocrx_word' id='word_1_151' title='bbox 879 1397 1128 1442; x_wconf 85' lang='lat' dir='ltr'><strong>immodicas</strong></span> <span class='ocrx_word' id='word_1_152' title='bbox 1159 1396 1306 1442; x_wconf 91' lang='lat' dir='ltr'><strong>laudes</strong></span> <span class='ocrx_word' id='word_1_153' title='bbox 1337 1396 1523 1442; x_wconf 92' lang='lat' dir='ltr'><strong>tribuere</strong></span> <span class='ocrx_word' id='word_1_154' title='bbox 1536 1412 1561 1449; x_wconf 57' lang='grc' dir='ltr'><strong>;ν</strong></span> <span class='ocrx_word' id='word_1_155' title='bbox 1582 1411 1731 1442; x_wconf 89' lang='lat' dir='ltr'><strong>omnes</strong></span> <span class='ocrx_word' id='word_1_156' title='bbox 1762 1396 1946 1455; x_wconf 89' lang='lat' dir='ltr'><strong>denique</strong></span> <span class='ocrx_word' id='word_1_157' title='bbox 1976 1396 2174 1455; x_wconf 88' lang='lat' dir='ltr'><strong>gravibus</strong></span> 
     </span>
     <span class='ocr_line' id='line_1_17' title="bbox 267 1472 2173 1533; baseline 0.002 -18"><span class='ocrx_word' id='word_1_158' title='bbox 267 1474 391 1516; x_wconf 85' lang='lat' dir='ltr'><strong>minis</strong></span> <span class='ocrx_word' id='word_1_159' title='bbox 412 1474 671 1532; x_wconf 78' lang='lat' dir='ltr'><strong>interpositis</strong></span> <span class='ocrx_word' id='word_1_160' title='bbox 688 1474 741 1517; x_wconf 89' lang='lat' dir='ltr'><strong>ad</strong></span> <span class='ocrx_word' id='word_1_161' title='bbox 763 1474 1039 1533; x_wconf 52' lang='lat' dir='ltr'><strong>ptssnandum</strong></span> <span class='ocrx_word' id='word_1_162' title='bbox 1054 1474 1244 1518; x_wconf 89' lang='lat' dir='ltr'><strong>incitare.</strong></span> <span class='ocrx_word' id='word_1_163' title='bbox 1281 1473 1440 1518; x_wconf 82' lang='lat' dir='ltr'><strong>Contra</strong></span> <span class='ocrx_word' id='word_1_164' title='bbox 1456 1472 1760 1532; x_wconf 79' lang='lat' dir='ltr'><strong>Naegelsbach.</strong></span> <span class='ocrx_word' id='word_1_165' title='bbox 1782 1487 1824 1533; x_wconf 89' lang='lat' dir='ltr'><strong>p.</strong></span> <span class='ocrx_word' id='word_1_166' title='bbox 1840 1476 1925 1518; x_wconf 79' lang='lat'><strong>296</strong></span> <span class='ocrx_word' id='word_1_167' title='bbox 1943 1473 2024 1518; x_wconf 86' lang='lat' dir='ltr'><strong>hoc</strong></span> <span class='ocrx_word' id='word_1_168' title='bbox 2044 1473 2173 1518; x_wconf 87' lang='lat' dir='ltr'><strong>modo</strong></span> 
     </span>
     <span class='ocr_line' id='line_1_18' title="bbox 270 1549 2173 1606; baseline 0.001 -16"><span class='ocrx_word' id='word_1_169' title='bbox 270 1549 522 1606; x_wconf 87' lang='lat' dir='ltr'><strong>disputavit:</strong></span> <span class='ocrx_word' id='word_1_170' title='bbox 558 1552 855 1595; x_wconf 74' lang='lat' dir='ltr'><strong>»Vorneltmlick</strong></span> <span class='ocrx_word' id='word_1_171' title='bbox 882 1552 959 1603; x_wconf 74' lang='lat' dir='ltr'><strong>aus</strong></span> <span class='ocrx_word' id='word_1_172' title='bbox 980 1552 1052 1591; x_wconf 80' lang='lat' dir='ltr'><strong>den</strong></span> <span class='ocrx_word' id='word_1_173' title='bbox 1081 1552 1213 1591; x_wconf 73' lang='lat' dir='ltr'><strong>Inhalt</strong></span> <span class='ocrx_word' id='word_1_174' title='bbox 1242 1552 1369 1592; x_wconf 74' lang='lat' dir='ltr'><strong>dieser</strong></span> <span class='ocrx_word' id='word_1_175' title='bbox 1400 1552 1511 1592; x_wconf 67' lang='lat' dir='ltr'><strong>Versa</strong></span> <span class='ocrx_word' id='word_1_176' title='bbox 1541 1550 1598 1604; x_wconf 72' lang='lat' dir='ltr'><strong>(v,</strong></span> <span class='ocrx_word' id='word_1_177' title='bbox 1630 1552 1716 1592; x_wconf 80' lang='lat'><strong>360</strong></span> <span class='ocrx_word' id='word_1_178' title='bbox 1748 1549 1826 1601; x_wconf 62' lang='lat' dir='ltr'><strong>fit),</strong></span> <span class='ocrx_word' id='word_1_179' title='bbox 1859 1552 1935 1605; x_wconf 74' lang='lat' dir='ltr'><strong>auf</strong></span> <span class='ocrx_word' id='word_1_180' title='bbox 1957 1552 2028 1592; x_wconf 77' lang='lat' dir='ltr'><strong>dm</strong></span> <span class='ocrx_word' id='word_1_181' title='bbox 2057 1558 2173 1605; x_wconf 71' lang='lat' dir='ltr'><strong>quum</strong></span> 
     </span>
     <span class='ocr_line' id='line_1_19' title="bbox 269 1625 2170 1681; baseline 0 -13"><span class='ocrx_word' id='word_1_182' title='bbox 269 1627 388 1672; x_wconf 74' lang='lat' dir='ltr'><strong>Rath.</strong></span> <span class='ocrx_word' id='word_1_183' title='bbox 418 1628 582 1668; x_wconf 77' lang='lat' dir='ltr'><strong>walchen</strong></span> <span class='ocrx_word' id='word_1_184' title='bbox 611 1628 752 1668; x_wconf 79' lang='lat' dir='ltr'><strong>Nestor</strong></span> <span class='ocrx_word' id='word_1_185' title='bbox 779 1628 822 1666; x_wconf 79' lang='lat' dir='ltr'><strong>in</strong></span> <span class='ocrx_word' id='word_1_186' title='bbox 851 1625 1064 1670; x_wconf 72' lang='lat' dir='ltr'><strong>taktiscloer</strong></span> <span class='ocrx_word' id='word_1_187' title='bbox 1091 1627 1275 1668; x_wconf 74' lang='lat' dir='ltr'><strong>Himiche</strong></span> <span class='ocrx_word' id='word_1_188' title='bbox 1304 1628 1468 1677; x_wconf 76' lang='lat' dir='ltr'><strong>ertheilt,</strong></span> <span class='ocrx_word' id='word_1_189' title='bbox 1500 1627 1679 1668; x_wconf 70' lang='lat' dir='ltr'><strong>beziehen</strong></span> <span class='ocrx_word' id='word_1_190' title='bbox 1707 1628 1791 1668; x_wconf 76' lang='lat' dir='ltr'><strong>sich</strong></span> <span class='ocrx_word' id='word_1_191' title='bbox 1821 1628 1881 1668; x_wconf 75' lang='lat' dir='ltr'><strong>die</strong></span> <span class='ocrx_word' id='word_1_192' title='bbox 1909 1628 2170 1681; x_wconf 66' lang='lat' dir='ltr'><strong>Lobspric‘che,</strong></span> 
     </span>
     <span class='ocr_line' id='line_1_20' title="bbox 270 1690 2175 1755; baseline -0.001 -11"><span class='ocrx_word' id='word_1_193' title='bbox 270 1704 342 1744; x_wconf 76' lang='lat' dir='ltr'><strong>mit</strong></span> <span class='ocrx_word' id='word_1_194' title='bbox 370 1704 534 1744; x_wconf 67' lang='lat' dir='ltr'><strong>walchen</strong></span> <span class='ocrx_word' id='word_1_195' title='bbox 570 1704 779 1749; x_wconf 66' lang='lat' dir='ltr'><strong>nunmebr,</strong></span> <span class='ocrx_word' id='word_1_196' title='bbox 826 1690 985 1744; x_wconf 56' lang='lat' dir='ltr'><strong>Vsa-1⁰</strong></span> <span class='ocrx_word' id='word_1_197' title='bbox 1013 1702 1071 1754; x_wconf 71' lang='lat' dir='ltr'><strong>ff„</strong></span> <span class='ocrx_word' id='word_1_198' title='bbox 1116 1703 1382 1755; x_wconf 76' lang='lat' dir='ltr'><strong>Ayamemnon</strong></span> <span class='ocrx_word' id='word_1_199' title='bbox 1417 1704 1489 1744; x_wconf 82' lang='lat' dir='ltr'><strong>den</strong></span> <span class='ocrx_word' id='word_1_200' title='bbox 1524 1704 1666 1745; x_wconf 81' lang='lat' dir='ltr'><strong>Nestor</strong></span> <span class='ocrx_word' id='word_1_201' title='bbox 1710 1704 1853 1744; x_wconf 77' lang='lat' dir='ltr'><strong>erhebt.</strong></span> <span class='ocrx_word' id='word_1_202' title='bbox 1916 1705 2015 1755; x_wconf 69' lang='lat' dir='ltr'><strong>Dass</strong></span> <span class='ocrx_word' id='word_1_203' title='bbox 2044 1716 2085 1744; x_wconf 82' lang='lat' dir='ltr'><strong>er</strong></span> <span class='ocrx_word' id='word_1_204' title='bbox 2120 1706 2175 1743; x_wconf 76' lang='lat' dir='ltr'><strong>im</strong></span> 
     </span>
     <span class='ocr_line' id='line_1_21' title="bbox 271 1777 2172 1833; baseline 0 -11"><span class='ocrx_word' id='word_1_205' title='bbox 271 1777 486 1833; x_wconf 73' lang='lat' dir='ltr'><strong>Geqmsatz</strong></span> <span class='ocrx_word' id='word_1_206' title='bbox 516 1791 569 1821; x_wconf 80' lang='lat' dir='ltr'><strong>zu</strong></span> <span class='ocrx_word' id='word_1_207' title='bbox 597 1791 642 1820; x_wconf 82' lang='lat' dir='ltr'><strong>so</strong></span> <span class='ocrx_word' id='word_1_208' title='bbox 671 1784 832 1829; x_wconf 79' lang='lat' dir='ltr'><strong>treuem,</strong></span> <span class='ocrx_word' id='word_1_209' title='bbox 862 1777 1147 1833; x_wconf 68' lang='grc' dir='ltr'><strong>υοὴιᾶηᾶίροηι</strong></span> <span class='ocrx_word' id='word_1_210' title='bbox 1172 1778 1278 1821; x_wconf 73' lang='lat' dir='ltr'><strong>Rath</strong></span> <span class='ocrx_word' id='word_1_211' title='bbox 1291 1808 1303 1827; x_wconf 98' lang='lat'><strong>,</strong></span> <span class='ocrx_word' id='word_1_212' title='bbox 1335 1778 1495 1821; x_wconf 77' lang='lat' dir='ltr'><strong>welcher</strong></span> <span class='ocrx_word' id='word_1_213' title='bbox 1524 1778 1584 1821; x_wconf 77' lang='lat' dir='ltr'><strong>die</strong></span> <span class='ocrx_word' id='word_1_214' title='bbox 1603 1778 1740 1822; x_wconf 79' lang='lat' dir='ltr'><strong>Macht</strong></span> <span class='ocrx_word' id='word_1_215' title='bbox 1770 1779 1835 1822; x_wconf 82' lang='lat' dir='ltr'><strong>des</strong></span> <span class='ocrx_word' id='word_1_216' title='bbox 1863 1780 2005 1822; x_wconf 78' lang='lat' dir='ltr'><strong>Heeres</strong></span> <span class='ocrx_word' id='word_1_217' title='bbox 2032 1778 2172 1827; x_wconf 77' lang='lat' dir='ltr'><strong>stiirkt‚</strong></span> 
     </span>
     <span class='ocr_line' id='line_1_22' title="bbox 268 1853 2175 1910; baseline 0.001 -14"><span class='ocrx_word' id='word_1_218' title='bbox 268 1854 334 1896; x_wconf 84' lang='lat' dir='ltr'><strong>der</strong></span> <span class='ocrx_word' id='word_1_219' title='bbox 354 1854 633 1909; x_wconf 69' lang='lat' dir='ltr'><strong>Zenoit‘rsnisse</strong></span> <span class='ocrx_word' id='word_1_220' title='bbox 661 1854 844 1909; x_wconf 78' lang='lat' dir='ltr'><strong>qedenkt,</strong></span> <span class='ocrx_word' id='word_1_221' title='bbox 876 1853 1015 1899; x_wconf 68' lang='lat' dir='ltr'><strong>welche</strong></span> <span class='ocrx_word' id='word_1_222' title='bbox 1043 1854 1100 1897; x_wconf 77' lang='lat' dir='ltr'><strong>sie</strong></span> <span class='ocrx_word' id='word_1_223' title='bbox 1129 1854 1282 1896; x_wconf 71' lang='lat' dir='ltr'><strong>lc‘ihmm</strong></span> <span class='ocrx_word' id='word_1_224' title='bbox 1296 1883 1308 1903; x_wconf 93' lang='lat'><strong>,</strong></span> <span class='ocrx_word' id='word_1_225' title='bbox 1341 1866 1422 1896; x_wconf 79' lang='lat' dir='ltr'><strong>was</strong></span> <span class='ocrx_word' id='word_1_226' title='bbox 1452 1854 1561 1906; x_wconf 73' lang='lat' dir='ltr'><strong>doch,</strong></span> <span class='ocrx_word' id='word_1_227' title='bbox 1591 1853 1772 1896; x_wconf 75' lang='lat' dir='ltr'><strong>nebmbei</strong></span> <span class='ocrx_word' id='word_1_228' title='bbox 1799 1862 1948 1910; x_wconf 74' lang='lat' dir='ltr'><strong>yesayt,</strong></span> <span class='ocrx_word' id='word_1_229' title='bbox 1982 1854 2175 1910; x_wconf 77' lang='lat' dir='ltr'><strong>offenbare</strong></span> 
     </span>
     <span class='ocr_line' id='line_1_23' title="bbox 267 1922 2175 1987; baseline 0.002 -16"><span class='ocrx_word' id='word_1_230' title='bbox 267 1931 588 1986; x_wconf 67' lang='lat' dir='ltr'><strong>Riickbeziehunq</strong></span> <span class='ocrx_word' id='word_1_231' title='bbox 618 1932 694 1986; x_wconf 78' lang='lat' dir='ltr'><strong>aus</strong></span> <span class='ocrx_word' id='word_1_232' title='bbox 717 1932 790 1973; x_wconf 82' lang='lat' dir='ltr'><strong>das</strong></span> <span class='ocrx_word' id='word_1_233' title='bbox 819 1936 918 1972; x_wconf 79' lang='lat' dir='ltr'><strong>erste</strong></span> <span class='ocrx_word' id='word_1_234' title='bbox 948 1922 1061 1973; x_wconf 62' lang='grc' dir='ltr'><strong>Μὴ</strong></span> <span class='ocrx_word' id='word_1_235' title='bbox 1091 1931 1156 1979; x_wconf 79' lang='lat' dir='ltr'><strong>ist,</strong></span> <span class='ocrx_word' id='word_1_236' title='bbox 1187 1929 1294 1972; x_wconf 79' lang='lat' dir='ltr'><strong>kann</strong></span> <span class='ocrx_word' id='word_1_237' title='bbox 1323 1930 1421 1971; x_wconf 74' lang='lat' dir='ltr'><strong>doch</strong></span> <span class='ocrx_word' id='word_1_238' title='bbox 1449 1930 1586 1972; x_wconf 67' lang='lat' dir='ltr'><strong>eberiso</strong></span> <span class='ocrx_word' id='word_1_239' title='bbox 1615 1931 1738 1986; x_wconf 79' lang='lat' dir='ltr'><strong>weniq</strong></span> <span class='ocrx_word' id='word_1_240' title='bbox 1764 1930 1833 1985; x_wconf 69' lang='lat' dir='ltr'><strong>fiir</strong></span> <span class='ocrx_word' id='word_1_241' title='bbox 1859 1931 2071 1985; x_wconf 68' lang='grc' dir='ltr'><em>αωΙῙαΙΙεηᾶ</em></span> <span class='ocrx_word' id='word_1_242' title='bbox 2096 1932 2175 1987; x_wconf 74' lang='lat' dir='ltr'><strong>yel-</strong></span> 
     </span>
     <span class='ocr_line' id='line_1_24' title="bbox 267 2007 2174 2062; baseline 0.002 -16"><span class='ocrx_word' id='word_1_243' title='bbox 267 2014 350 2056; x_wconf 82' lang='lat' dir='ltr'><strong>ten‚</strong></span> <span class='ocrx_word' id='word_1_244' title='bbox 390 2009 452 2047; x_wconf 81' lang='lat' dir='ltr'><strong>als</strong></span> <span class='ocrx_word' id='word_1_245' title='bbox 481 2008 567 2060; x_wconf 66' lang='lat' dir='ltr'><strong>daſs-r</strong></span> <span class='ocrx_word' id='word_1_246' title='bbox 606 2020 648 2048; x_wconf 82' lang='lat' dir='ltr'><strong>er</strong></span> <span class='ocrx_word' id='word_1_247' title='bbox 661 2035 672 2053; x_wconf 97' lang='lat'><strong>,</strong></span> <span class='ocrx_word' id='word_1_248' title='bbox 711 2020 794 2047; x_wconf 82' lang='lat' dir='ltr'><strong>was</strong></span> <span class='ocrx_word' id='word_1_249' title='bbox 823 2008 975 2060; x_wconf 74' lang='lat' dir='ltr'><strong>Ko&#39;chly</strong></span> <span class='ocrx_word' id='word_1_250' title='bbox 1005 2007 1140 2053; x_wconf 76' lang='grc' dir='ltr'><strong>εαᾶοἱε,</strong></span> <span class='ocrx_word' id='word_1_251' title='bbox 1180 2018 1257 2046; x_wconf 80' lang='lat' dir='ltr'><strong>von</strong></span> <span class='ocrx_word' id='word_1_252' title='bbox 1294 2007 1422 2046; x_wconf 73' lang='lat' dir='ltr'><strong>seiner</strong></span> <span class='ocrx_word' id='word_1_253' title='bbox 1460 2007 1740 2061; x_wconf 58' lang='lat' dir='ltr'><strong>misslunqenen</strong></span> <span class='ocrx_word' id='word_1_254' title='bbox 1768 2008 1948 2062; x_wconf 66' lang='lat' dir='ltr'><strong>ffllsunq</strong></span> <span class='ocrx_word' id='word_1_255' title='bbox 1977 2009 2043 2049; x_wconf 78' lang='lat' dir='ltr'><strong>des</strong></span> <span class='ocrx_word' id='word_1_256' title='bbox 2072 2009 2174 2049; x_wconf 82' lang='lat' dir='ltr'><strong>Hee-</strong></span> 
     </span>
     <span class='ocr_line' id='line_1_25' title="bbox 266 2083 1570 2135; baseline -0.002 -13"><span class='ocrx_word' id='word_1_257' title='bbox 266 2096 329 2123; x_wconf 86' lang='lat' dir='ltr'><strong>res</strong></span> <span class='ocrx_word' id='word_1_258' title='bbox 357 2085 558 2135; x_wconf 75' lang='lat' dir='ltr'><strong>sckweiqt,</strong></span> <span class='ocrx_word' id='word_1_259' title='bbox 591 2097 666 2123; x_wconf 82' lang='lat' dir='ltr'><strong>aus</strong></span> <span class='ocrx_word' id='word_1_260' title='bbox 694 2085 855 2123; x_wconf 81' lang='lat' dir='ltr'><strong>welcher</strong></span> <span class='ocrx_word' id='word_1_261' title='bbox 883 2096 963 2122; x_wconf 78' lang='lat' dir='ltr'><strong>nur</strong></span> <span class='ocrx_word' id='word_1_262' title='bbox 991 2083 1198 2123; x_wconf 72' lang='lat' dir='ltr'><strong>Nacheltet‘l</strong></span> <span class='ocrx_word' id='word_1_263' title='bbox 1226 2083 1447 2122; x_wconf 72' lang='lat' dir='ltr'><strong>erwuchsen</strong></span> <span class='ocrx_word' id='word_1_264' title='bbox 1475 2083 1570 2122; x_wconf 60' lang='lat' dir='ltr'><strong>isa«</strong></span> 
     </span>
    </p>

    <p class='ocr_par' dir='ltr' id='par_1_6' title="bbox 270 2154 2175 3131">
     <span class='ocr_line' id='line_1_26' title="bbox 388 2154 2174 2211; baseline 0.001 -12"><span class='ocrx_word' id='word_1_265' title='bbox 388 2156 473 2200; x_wconf 88' lang='lat' dir='ltr'><strong>Sed</strong></span> <span class='ocrx_word' id='word_1_266' title='bbox 511 2156 617 2199; x_wconf 90' lang='lat' dir='ltr'><strong>illud</strong></span> <span class='ocrx_word' id='word_1_267' title='bbox 662 2157 911 2205; x_wconf 91' lang='lat' dir='ltr'><strong>consilium,</strong></span> <span class='ocrx_word' id='word_1_268' title='bbox 958 2157 1026 2200; x_wconf 88' lang='lat' dir='ltr'><strong>cui</strong></span> <span class='ocrx_word' id='word_1_269' title='bbox 1068 2163 1231 2200; x_wconf 85' lang='lat' dir='ltr'><strong>tantum</strong></span> <span class='ocrx_word' id='word_1_270' title='bbox 1263 2154 1409 2198; x_wconf 84' lang='lat' dir='ltr'><strong>tribuit</strong></span> <span class='ocrx_word' id='word_1_271' title='bbox 1439 2154 1759 2211; x_wconf 64' lang='lat' dir='ltr'><strong>Naegelsbach„</strong></span> <span class='ocrx_word' id='word_1_272' title='bbox 1794 2155 1895 2198; x_wconf 92' lang='lat' dir='ltr'><strong>nihil</strong></span> <span class='ocrx_word' id='word_1_273' title='bbox 1925 2156 2038 2200; x_wconf 90' lang='lat' dir='ltr'><strong>aliud</strong></span> <span class='ocrx_word' id='word_1_274' title='bbox 2069 2171 2174 2201; x_wconf 90' lang='lat' dir='ltr'><strong>con-</strong></span> 
     </span>
     <span class='ocr_line' id='line_1_27' title="bbox 270 2230 2174 2291; baseline 0.002 -16"><span class='ocrx_word' id='word_1_275' title='bbox 270 2232 396 2281; x_wconf 87' lang='lat' dir='ltr'><strong>tinet,</strong></span> <span class='ocrx_word' id='word_1_276' title='bbox 445 2232 527 2276; x_wconf 89' lang='lat' dir='ltr'><strong>nisi</strong></span> <span class='ocrx_word' id='word_1_277' title='bbox 557 2232 672 2291; x_wconf 87' lang='lat' dir='ltr'><strong>quod</strong></span> <span class='ocrx_word' id='word_1_278' title='bbox 713 2239 760 2276; x_wconf 91' lang='lat' dir='ltr'><strong>ut</strong></span> <span class='ocrx_word' id='word_1_279' title='bbox 791 2231 1053 2277; x_wconf 89' lang='lat' dir='ltr'><strong>Graecorum</strong></span> <span class='ocrx_word' id='word_1_280' title='bbox 1083 2232 1140 2276; x_wconf 90' lang='lat' dir='ltr'><strong>ita</strong></span> <span class='ocrx_word' id='word_1_281' title='bbox 1171 2231 1361 2276; x_wconf 87' lang='lat' dir='ltr'><strong>omnium</strong></span> <span class='ocrx_word' id='word_1_282' title='bbox 1393 2231 1580 2289; x_wconf 91' lang='lat' dir='ltr'><strong>gentium</strong></span> <span class='ocrx_word' id='word_1_283' title='bbox 1612 2230 1791 2275; x_wconf 86' lang='lat' dir='ltr'><strong>heroicis</strong></span> <span class='ocrx_word' id='word_1_284' title='bbox 1823 2232 2086 2291; x_wconf 85' lang='lat' dir='ltr'><strong>temporibus</strong></span> <span class='ocrx_word' id='word_1_285' title='bbox 2117 2234 2174 2278; x_wconf 87' lang='lat' dir='ltr'><strong>ita</strong></span> 
     </span>
     <span class='ocr_line' id='line_1_28' title="bbox 272 2307 2174 2369; baseline 0.002 -18"><span class='ocrx_word' id='word_1_286' title='bbox 272 2309 493 2368; x_wconf 93' lang='lat' dir='ltr'><strong>proprium</strong></span> <span class='ocrx_word' id='word_1_287' title='bbox 530 2308 634 2358; x_wconf 85' lang='lat' dir='ltr'><strong>fuit,</strong></span> <span class='ocrx_word' id='word_1_288' title='bbox 683 2315 729 2352; x_wconf 94' lang='lat' dir='ltr'><strong>ut</strong></span> <span class='ocrx_word' id='word_1_289' title='bbox 770 2322 988 2367; x_wconf 87' lang='lat' dir='ltr'><strong>nunquam</strong></span> <span class='ocrx_word' id='word_1_290' title='bbox 1029 2308 1114 2352; x_wconf 89' lang='lat' dir='ltr'><strong>alio</strong></span> <span class='ocrx_word' id='word_1_291' title='bbox 1155 2307 1284 2352; x_wconf 91' lang='lat' dir='ltr'><strong>modo</strong></span> <span class='ocrx_word' id='word_1_292' title='bbox 1320 2314 1557 2368; x_wconf 89' lang='lat' dir='ltr'><strong>pugnatum</strong></span> <span class='ocrx_word' id='word_1_293' title='bbox 1597 2307 1663 2350; x_wconf 85' lang='lat' dir='ltr'><strong>sit.</strong></span> <span class='ocrx_word' id='word_1_294' title='bbox 1726 2307 1875 2366; x_wconf 90' lang='lat' dir='ltr'><strong>ltaque</strong></span> <span class='ocrx_word' id='word_1_295' title='bbox 1917 2322 2174 2369; x_wconf 82' lang='lat' dir='ltr'><strong>magnopere</strong></span> 
     </span>
     <span class='ocr_line' id='line_1_29' title="bbox 271 2383 2174 2444; baseline 0.001 -16"><span class='ocrx_word' id='word_1_296' title='bbox 271 2400 443 2434; x_wconf 89' lang='lat' dir='ltr'><strong>vereor,</strong></span> <span class='ocrx_word' id='word_1_297' title='bbox 483 2400 536 2428; x_wconf 92' lang='lat' dir='ltr'><strong>ne</strong></span> <span class='ocrx_word' id='word_1_298' title='bbox 567 2399 604 2428; x_wconf 88' lang='lat' dir='ltr'><strong>v.</strong></span> <span class='ocrx_word' id='word_1_299' title='bbox 646 2388 879 2428; x_wconf 83' lang='lat'><strong>360-368</strong></span> <span class='ocrx_word' id='word_1_300' title='bbox 922 2394 1021 2429; x_wconf 91' lang='lat' dir='ltr'><strong>tunc</strong></span> <span class='ocrx_word' id='word_1_301' title='bbox 1061 2386 1232 2429; x_wconf 92' lang='lat' dir='ltr'><strong>demum</strong></span> <span class='ocrx_word' id='word_1_302' title='bbox 1269 2383 1426 2444; x_wconf 72' lang='lat' dir='ltr'><strong>adiecti</strong></span> <span class='ocrx_word' id='word_1_303' title='bbox 1461 2384 1568 2434; x_wconf 86' lang='lat' dir='ltr'><strong>sint,</strong></span> <span class='ocrx_word' id='word_1_304' title='bbox 1616 2399 1710 2427; x_wconf 90' lang='lat' dir='ltr'><strong>cum</strong></span> <span class='ocrx_word' id='word_1_305' title='bbox 1751 2385 1844 2443; x_wconf 86' lang='lat' dir='ltr'><strong>quis</strong></span> <span class='ocrx_word' id='word_1_306' title='bbox 1881 2385 1963 2429; x_wconf 91' lang='lat' dir='ltr'><strong>hoc</strong></span> <span class='ocrx_word' id='word_1_307' title='bbox 2004 2400 2174 2430; x_wconf 89' lang='lat' dir='ltr'><strong>carmen</strong></span> 
     </span>
     <span class='ocr_line' id='line_1_30' title="bbox 274 2461 2175 2520; baseline 0.001 -14"><span class='ocrx_word' id='word_1_308' title='bbox 274 2462 466 2520; x_wconf 88' lang='lat' dir='ltr'><strong>catalogo</strong></span> <span class='ocrx_word' id='word_1_309' title='bbox 497 2464 769 2520; x_wconf 89' lang='lat' dir='ltr'><strong>praemittere</strong></span> <span class='ocrx_word' id='word_1_310' title='bbox 800 2462 992 2520; x_wconf 90' lang='lat' dir='ltr'><strong>parabat.</strong></span> <span class='ocrx_word' id='word_1_311' title='bbox 1055 2465 1162 2507; x_wconf 92' lang='lat' dir='ltr'><strong>Tum</strong></span> <span class='ocrx_word' id='word_1_312' title='bbox 1196 2461 1502 2506; x_wconf 85' lang='lat' dir='ltr'><strong>discordiarum</strong></span> <span class='ocrx_word' id='word_1_313' title='bbox 1533 2467 1648 2506; x_wconf 86' lang='lat' dir='ltr'><strong>recte</strong></span> <span class='ocrx_word' id='word_1_314' title='bbox 1678 2461 1735 2506; x_wconf 88' lang='lat' dir='ltr'><strong>ita</strong></span> <span class='ocrx_word' id='word_1_315' title='bbox 1768 2469 1934 2507; x_wconf 85' lang='lat' dir='ltr'><strong>tantum</strong></span> <span class='ocrx_word' id='word_1_316' title='bbox 1962 2464 2175 2507; x_wconf 90' lang='lat' dir='ltr'><strong>meminis-</strong></span> 
     </span>
     <span class='ocr_line' id='line_1_31' title="bbox 273 2536 2169 2598; baseline 0.002 -18"><span class='ocrx_word' id='word_1_317' title='bbox 273 2546 350 2587; x_wconf 88' lang='lat' dir='ltr'><strong>set,</strong></span> <span class='ocrx_word' id='word_1_318' title='bbox 383 2539 418 2581; x_wconf 91' lang='lat' dir='ltr'><strong>si</strong></span> <span class='ocrx_word' id='word_1_319' title='bbox 449 2539 498 2581; x_wconf 91' lang='lat' dir='ltr'><strong>iis</strong></span> <span class='ocrx_word' id='word_1_320' title='bbox 529 2538 682 2582; x_wconf 82' lang='lat' dir='ltr'><strong>factum</strong></span> <span class='ocrx_word' id='word_1_321' title='bbox 716 2546 851 2587; x_wconf 89' lang='lat' dir='ltr'><strong>esset,</strong></span> <span class='ocrx_word' id='word_1_322' title='bbox 884 2546 930 2582; x_wconf 92' lang='lat' dir='ltr'><strong>ut</strong></span> <span class='ocrx_word' id='word_1_323' title='bbox 960 2537 1258 2597; x_wconf 82' lang='lat' dir='ltr'><strong>Agamemnon</strong></span> <span class='ocrx_word' id='word_1_324' title='bbox 1287 2536 1341 2581; x_wconf 91' lang='lat' dir='ltr'><strong>de</strong></span> <span class='ocrx_word' id='word_1_325' title='bbox 1372 2536 1573 2597; x_wconf 88' lang='lat' dir='ltr'><strong>capienda</strong></span> <span class='ocrx_word' id='word_1_326' title='bbox 1603 2536 1734 2597; x_wconf 83' lang='lat' dir='ltr'><strong>Troja</strong></span> <span class='ocrx_word' id='word_1_327' title='bbox 1764 2537 2022 2598; x_wconf 88' lang='lat' dir='ltr'><strong>desperaret.</strong></span> <span class='ocrx_word' id='word_1_328' title='bbox 2061 2539 2169 2584; x_wconf 85' lang='lat' dir='ltr'><strong>Ver-</strong></span> 
     </span>
     <span class='ocr_line' id='line_1_32' title="bbox 275 2613 2172 2674; baseline 0.002 -17"><span class='ocrx_word' id='word_1_329' title='bbox 275 2629 345 2658; x_wconf 89' lang='lat' dir='ltr'><strong>sus</strong></span> <span class='ocrx_word' id='word_1_330' title='bbox 381 2619 465 2658; x_wconf 84' lang='lat'><strong>377</strong></span> <span class='ocrx_word' id='word_1_331' title='bbox 496 2630 581 2673; x_wconf 90' lang='lat' dir='ltr'><strong>sq.,</strong></span> <span class='ocrx_word' id='word_1_332' title='bbox 616 2617 688 2673; x_wconf 93' lang='lat' dir='ltr'><strong>qui</strong></span> <span class='ocrx_word' id='word_1_333' title='bbox 717 2631 772 2659; x_wconf 86' lang='lat' dir='ltr'><strong>ex</strong></span> <span class='ocrx_word' id='word_1_334' title='bbox 802 2620 861 2667; x_wconf 87' lang='lat' dir='ltr'><strong>A,</strong></span> <span class='ocrx_word' id='word_1_335' title='bbox 892 2618 991 2658; x_wconf 82' lang='grc'><strong>298.</strong></span> <span class='ocrx_word' id='word_1_336' title='bbox 1024 2618 1122 2658; x_wconf 76' lang='grc'><strong>304.</strong></span> <span class='ocrx_word' id='word_1_337' title='bbox 1160 2618 1216 2665; x_wconf 86' lang='grc' dir='ltr'><strong>Τ,</strong></span> <span class='ocrx_word' id='word_1_338' title='bbox 1254 2616 1336 2658; x_wconf 82' lang='grc'><strong>183</strong></span> <span class='ocrx_word' id='word_1_339' title='bbox 1373 2616 1539 2658; x_wconf 91' lang='lat' dir='ltr'><strong>consuti</strong></span> <span class='ocrx_word' id='word_1_340' title='bbox 1578 2622 1699 2664; x_wconf 89' lang='lat' dir='ltr'><strong>sunt,</strong></span> <span class='ocrx_word' id='word_1_341' title='bbox 1743 2615 1877 2659; x_wconf 89' lang='lat' dir='ltr'><strong>multo</strong></span> <span class='ocrx_word' id='word_1_342' title='bbox 1908 2613 2172 2674; x_wconf 76' lang='lat' dir='ltr'><strong>probabilius</strong></span> 
     </span>
     <span class='ocr_line' id='line_1_33' title="bbox 277 2689 2174 2748; baseline 0.002 -16"><span class='ocrx_word' id='word_1_343' title='bbox 277 2704 423 2746; x_wconf 91' lang='lat' dir='ltr'><strong>vagam</strong></span> <span class='ocrx_word' id='word_1_344' title='bbox 462 2691 674 2747; x_wconf 89' lang='lat' dir='ltr'><strong>quandam</strong></span> <span class='ocrx_word' id='word_1_345' title='bbox 714 2691 805 2748; x_wconf 85' lang='lat' dir='ltr'><strong>ejus</strong></span> <span class='ocrx_word' id='word_1_346' title='bbox 843 2692 905 2735; x_wconf 89' lang='lat' dir='ltr'><strong>rei</strong></span> <span class='ocrx_word' id='word_1_347' title='bbox 951 2692 1167 2735; x_wconf 90' lang='lat' dir='ltr'><strong>notionem</strong></span> <span class='ocrx_word' id='word_1_348' title='bbox 1208 2689 1423 2748; x_wconf 90' lang='lat' dir='ltr'><strong>produnt,</strong></span> <span class='ocrx_word' id='word_1_349' title='bbox 1471 2705 1599 2747; x_wconf 88' lang='lat' dir='ltr'><strong>quam</strong></span> <span class='ocrx_word' id='word_1_350' title='bbox 1644 2705 1739 2734; x_wconf 82' lang='lat' dir='ltr'><strong>eam</strong></span> <span class='ocrx_word' id='word_1_351' title='bbox 1784 2691 2061 2735; x_wconf 86' lang='lat' dir='ltr'><strong>antecedente</strong></span> <span class='ocrx_word' id='word_1_352' title='bbox 2106 2692 2174 2736; x_wconf 89' lang='lat' dir='ltr'><strong>die</strong></span> 
     </span>
     <span class='ocr_line' id='line_1_34' title="bbox 278 2764 2171 2821; baseline 0.002 -12"><span class='ocrx_word' id='word_1_353' title='bbox 278 2764 430 2809; x_wconf 78' lang='lat' dir='ltr'><strong>factam</strong></span> <span class='ocrx_word' id='word_1_354' title='bbox 462 2779 552 2810; x_wconf 88' lang='lat' dir='ltr'><strong>esse</strong></span> <span class='ocrx_word' id='word_1_355' title='bbox 589 2766 784 2811; x_wconf 89' lang='lat' dir='ltr'><strong>innuunt.</strong></span> <span class='ocrx_word' id='word_1_356' title='bbox 846 2767 970 2821; x_wconf 88' lang='lat' dir='ltr'><strong>Quae</strong></span> <span class='ocrx_word' id='word_1_357' title='bbox 1012 2766 1123 2811; x_wconf 89' lang='lat' dir='ltr'><strong>mala</strong></span> <span class='ocrx_word' id='word_1_358' title='bbox 1164 2774 1304 2812; x_wconf 89' lang='lat' dir='ltr'><strong>autem</strong></span> <span class='ocrx_word' id='word_1_359' title='bbox 1351 2780 1406 2810; x_wconf 87' lang='lat' dir='ltr'><strong>ex</strong></span> <span class='ocrx_word' id='word_1_360' title='bbox 1443 2765 1513 2811; x_wconf 86' lang='lat' dir='ltr'><strong>illa</strong></span> <span class='ocrx_word' id='word_1_361' title='bbox 1552 2765 1781 2812; x_wconf 81' lang='lat' dir='ltr'><strong>tentatione</strong></span> <span class='ocrx_word' id='word_1_362' title='bbox 1811 2766 2171 2818; x_wconf 84' lang='lat' dir='ltr'><strong>redundaverant,</strong></span> 
     </span>
     <span class='ocr_line' id='line_1_35' title="bbox 277 2841 2170 2902; baseline 0.003 -19"><span class='ocrx_word' id='word_1_363' title='bbox 277 2855 364 2884; x_wconf 90' lang='lat' dir='ltr'><strong>non</strong></span> <span class='ocrx_word' id='word_1_364' title='bbox 394 2841 542 2885; x_wconf 88' lang='lat' dir='ltr'><strong>melius</strong></span> <span class='ocrx_word' id='word_1_365' title='bbox 572 2850 769 2900; x_wconf 89' lang='lat' dir='ltr'><strong>poterant</strong></span> <span class='ocrx_word' id='word_1_366' title='bbox 800 2843 1047 2892; x_wconf 85' lang='lat' dir='ltr'><strong>emendari,</strong></span> <span class='ocrx_word' id='word_1_367' title='bbox 1087 2856 1216 2900; x_wconf 90' lang='lat' dir='ltr'><strong>quam</strong></span> <span class='ocrx_word' id='word_1_368' title='bbox 1246 2845 1280 2887; x_wconf 89' lang='lat' dir='ltr'><strong>si</strong></span> <span class='ocrx_word' id='word_1_369' title='bbox 1311 2842 1442 2886; x_wconf 90' lang='lat' dir='ltr'><strong>libere</strong></span> <span class='ocrx_word' id='word_1_370' title='bbox 1477 2843 1624 2887; x_wconf 86' lang='lat' dir='ltr'><strong>dolum</strong></span> <span class='ocrx_word' id='word_1_371' title='bbox 1654 2857 1778 2887; x_wconf 89' lang='lat' dir='ltr'><strong>suum</strong></span> <span class='ocrx_word' id='word_1_372' title='bbox 1808 2843 2095 2902; x_wconf 84' lang='lat' dir='ltr'><strong>profiteretur.</strong></span> <span class='ocrx_word' id='word_1_373' title='bbox 2120 2870 2170 2877; x_wconf 96' lang='lat'><strong>—</strong></span> 
     </span>
     <span class='ocr_line' id='line_1_36' title="bbox 276 2918 2173 2978; baseline 0.003 -19"><span class='ocrx_word' id='word_1_374' title='bbox 276 2918 498 2960; x_wconf 92' lang='lat' dir='ltr'><strong>Postremo</strong></span> <span class='ocrx_word' id='word_1_375' title='bbox 527 2918 829 2974; x_wconf 80' lang='lat' dir='ltr'><strong>Naegelsbach.</strong></span> <span class='ocrx_word' id='word_1_376' title='bbox 863 2920 1061 2977; x_wconf 89' lang='lat' dir='ltr'><strong>antiquae</strong></span> <span class='ocrx_word' id='word_1_377' title='bbox 1103 2919 1381 2977; x_wconf 86' lang='lat' dir='ltr'><strong>simplicitatis</strong></span> <span class='ocrx_word' id='word_1_378' title='bbox 1424 2933 1515 2963; x_wconf 87' lang='lat' dir='ltr'><strong>esse</strong></span> <span class='ocrx_word' id='word_1_379' title='bbox 1556 2920 1679 2970; x_wconf 89' lang='lat' dir='ltr'><strong>dicit,</strong></span> <span class='ocrx_word' id='word_1_380' title='bbox 1723 2920 1840 2977; x_wconf 88' lang='lat' dir='ltr'><strong>quod</strong></span> <span class='ocrx_word' id='word_1_381' title='bbox 1874 2918 2173 2978; x_wconf 87' lang='lat' dir='ltr'><strong>Agamemnon</strong></span> 
     </span>
     <span class='ocr_line' id='line_1_37' title="bbox 274 2992 2173 3055; baseline 0.003 -19"><span class='ocrx_word' id='word_1_382' title='bbox 274 2992 459 3042; x_wconf 88' lang='lat' dir='ltr'><strong>Nestori,</strong></span> <span class='ocrx_word' id='word_1_383' title='bbox 493 2993 566 3050; x_wconf 86' lang='lat' dir='ltr'><strong>qui</strong></span> <span class='ocrx_word' id='word_1_384' title='bbox 597 3000 832 3051; x_wconf 90' lang='lat' dir='ltr'><strong>postremus</strong></span> <span class='ocrx_word' id='word_1_385' title='bbox 863 3002 905 3039; x_wconf 92' lang='lat' dir='ltr'><strong>et</strong></span> <span class='ocrx_word' id='word_1_386' title='bbox 926 2996 1094 3054; x_wconf 89' lang='lat' dir='ltr'><strong>egregie</strong></span> <span class='ocrx_word' id='word_1_387' title='bbox 1126 2995 1293 3040; x_wconf 89' lang='lat' dir='ltr'><strong>locutus</strong></span> <span class='ocrx_word' id='word_1_388' title='bbox 1324 2995 1392 3046; x_wconf 89' lang='lat' dir='ltr'><strong>sit,</strong></span> <span class='ocrx_word' id='word_1_389' title='bbox 1426 3009 1511 3039; x_wconf 90' lang='lat' dir='ltr'><strong>non</strong></span> <span class='ocrx_word' id='word_1_390' title='bbox 1532 2996 1644 3043; x_wconf 85' lang='lat' dir='ltr'><strong>Ulixi</strong></span> <span class='ocrx_word' id='word_1_391' title='bbox 1674 2996 1829 3055; x_wconf 87' lang='lat' dir='ltr'><strong>gratias</strong></span> <span class='ocrx_word' id='word_1_392' title='bbox 1861 3003 1970 3055; x_wconf 87' lang='lat' dir='ltr'><strong>agat.</strong></span> <span class='ocrx_word' id='word_1_393' title='bbox 2018 2994 2173 3042; x_wconf 84' lang='lat' dir='ltr'><strong>Verum</strong></span> 
     </span>
     <span class='ocr_line' id='line_1_38' title="bbox 275 3069 2173 3131; baseline 0.002 -17"><span class='ocrx_word' id='word_1_394' title='bbox 275 3070 477 3128; x_wconf 83' lang='lat' dir='ltr'><strong>antiquae</strong></span> <span class='ocrx_word' id='word_1_395' title='bbox 497 3069 769 3128; x_wconf 87' lang='lat' dir='ltr'><strong>simplicitatis</strong></span> <span class='ocrx_word' id='word_1_396' title='bbox 787 3080 863 3121; x_wconf 87' lang='lat' dir='ltr'><strong>est,</strong></span> <span class='ocrx_word' id='word_1_397' title='bbox 899 3072 973 3130; x_wconf 92' lang='lat' dir='ltr'><strong>qui</strong></span> <span class='ocrx_word' id='word_1_398' title='bbox 989 3072 1157 3130; x_wconf 85' lang='lat' dir='ltr'><strong>egregie</strong></span> <span class='ocrx_word' id='word_1_399' title='bbox 1172 3073 1304 3130; x_wconf 91' lang='lat' dir='ltr'><strong>egerit</strong></span> <span class='ocrx_word' id='word_1_400' title='bbox 1321 3072 1536 3130; x_wconf 85' lang='lat' dir='ltr'><strong>praeferre</strong></span> <span class='ocrx_word' id='word_1_401' title='bbox 1558 3073 1613 3123; x_wconf 92' lang='lat' dir='ltr'><strong>ei,</strong></span> <span class='ocrx_word' id='word_1_402' title='bbox 1647 3074 1721 3131; x_wconf 89' lang='lat' dir='ltr'><strong>qui</strong></span> <span class='ocrx_word' id='word_1_403' title='bbox 1736 3073 1904 3131; x_wconf 89' lang='lat' dir='ltr'><strong>egregie</strong></span> <span class='ocrx_word' id='word_1_404' title='bbox 1925 3074 2093 3119; x_wconf 89' lang='lat' dir='ltr'><strong>locutus</strong></span> <span class='ocrx_word' id='word_1_405' title='bbox 2109 3075 2173 3119; x_wconf 89' lang='lat' dir='ltr'><strong>sit.</strong></span> 
     </span>
    </p>

    <p class='ocr_par' dir='ltr' id='par_1_7' title="bbox 391 3146 2173 3208">
     <span class='ocr_line' id='line_1_39' title="bbox 391 3146 2173 3208; baseline 0.003 -18"><span class='ocrx_word' id='word_1_406' title='bbox 391 3147 458 3190; x_wconf 86' lang='lat' dir='ltr'><strong>De</strong></span> <span class='ocrx_word' id='word_1_407' title='bbox 496 3159 573 3189; x_wconf 85' lang='lat' dir='ltr'><strong>sex</strong></span> <span class='ocrx_word' id='word_1_408' title='bbox 612 3146 837 3196; x_wconf 89' lang='lat' dir='ltr'><strong>similibus,</strong></span> <span class='ocrx_word' id='word_1_409' title='bbox 886 3162 996 3206; x_wconf 86' lang='lat' dir='ltr'><strong>quae</strong></span> <span class='ocrx_word' id='word_1_410' title='bbox 1034 3163 1072 3192; x_wconf 86' lang='lat' dir='ltr'><strong>v.</strong></span> <span class='ocrx_word' id='word_1_411' title='bbox 1105 3151 1191 3192; x_wconf 76' lang='lat'><strong>455</strong></span> <span class='ocrx_word' id='word_1_412' title='bbox 1204 3150 1339 3191; x_wconf 80' lang='lat'>—483</span> <span class='ocrx_word' id='word_1_413' title='bbox 1373 3149 1428 3204; x_wconf 88' lang='lat' dir='ltr'><strong>(et</strong></span> <span class='ocrx_word' id='word_1_414' title='bbox 1468 3150 1694 3208; x_wconf 89' lang='lat' dir='ltr'><strong>septimum</strong></span> <span class='ocrx_word' id='word_1_415' title='bbox 1725 3149 1929 3194; x_wconf 89' lang='lat' dir='ltr'><strong>habemus</strong></span> <span class='ocrx_word' id='word_1_416' title='bbox 1952 3154 1997 3194; x_wconf 56' lang='grc' dir='ltr'><strong>Ὗ.</strong></span> <span class='ocrx_word' id='word_1_417' title='bbox 2031 3154 2173 3195; x_wconf 84' lang='lat'><strong>780-—</strong></span> 
     </span>
    </p>
   </div>
  </div>
 </body>
</html>
