2464 3828
565 0 723 337 Χ

301 434 518 478 Bekkerus
554 440 673 476 tantu
736 432 956 475 *versibus
992 434 1223 474 255—256
1262 429 1459 472 admovit.
1520 428 1641 470 Bona
1681 434 1744 469 est
1773 426 2093 482 Naegelsbachii
2121 440 2194 468 su-

300 510 434 568 spicio
465 524 507 566 p,
536 512 643 559 172,
677 509 703 552 h
775 507 985 565 duplicem
1015 521 1106 549 esse
1137 505 1450 551 recensionem.
1484 502 1658 546 alteram
1690 516 1747 545 ex-
1777 517 1816 545 v.
1852 505 2100 550 250—253.
2135 502 2198 544 al·-
2228 543 2230 547 ,

302 594 432 630 teram
466 599 521 630 ex
551 600 590 630 v.
621 587 677 629 25
796 585 852 627 56
883 587 1160 631 constantem,
1184 588 1408 638 utramque
1427 576 1575 622 eadem
1606 576 1815 637 particula
1830 592 1888 636 τῳ
1919 591 2055 635 aeque
2084 567 2195 622 bene
2231 608 2245 616 -

301 662 354 707 ad
383 677 426 706 v.
462 664 547 706 249
580 661 731 718 adapta
790 654 873 722 ru.

421 739 488 783 Ita
523 738 647 780 etiam
676 749 773 778 cnm
844 732 1139 792 aegelsbachio
1166 734 1385 780 consentio
1415 736 1632 780 Thersitae
1653 737 1969 793 castigationem
2000 736 2203 780 v.‚265'—

303 819 410 862 277,
445 827 570 870 quam
601 812 738 854 serius
769 825 791 852 a
828 810 830 813 ’
855 811 954 853 ‘tam
987 809 1163 868 putabat
1194 811 1510 860 Lachmannus‚
1556 812 1776 855 retinente.
1835 813 1942 855 Eam
1972 811 2080 854 bene
2111 813 2203 853 vin-

303 891 453 934 dicavit
484 888 654 932 Cnrtius
686 903 734 950 P*
765 890 782 929 1
821 901 927 943 ¹sq..
969 886 1123 943 quibus
1160 902 1291 930 unum
1332 896 1493 931 tantum
1526 889 1663 936 addo.
1713 902 1805 931 eam
1836 883 2060 931 verberum
2102 902 2204 943 pro-

300 966 522 1009 missorum
545 961 782 1022 promulsid
819 960 831 969 ⁷
872 961 963 1020 jam
987 977 1025 1006 v.
1052 964 1137 1006 24!-
1160 963 1280 1006 innui
1309 965 1368 1021 τῷ
1397 959 1436 1007 δ’
1466 956 1556 1007 ὦκα
1584 964 1820 1020 παρίστατο
1840 964 1931 1014 δῖος
1956 960 2200 1013 Ὀδυσσεύς.

415 1039 614 1097 Sequitur
639 1038 729 1097 jam
863 1038 896 1082 's
934 1038 1072 1082 oratio
1103 1039 1360 1088 278—332‚
1401 1052 1529 1096 quam
1560 1047 1607 1084 ut
1636 1040 1773 1084 serius
1805 1046 2023 1084 consutam
2057 1037 2205 1096 rejecit

298 1116 616 1164 Lachmannus,
665 1113 837 1179 malai&
863 1127 957 1158 esse
997 1115 1291 1158 oeconomiam
1328 1114 1523 1159 carminis
1555 1128 1755 1165 monens.
1803 1114 1918 1173 qnod
1950 1114 2083 1165 idem,
2132 1115 2205 1173 qui

291 1194 381 1250 jam
418 1192 628 1248 fugientes
670 1188 889 1251 red'uxssit
920 1198 961 1234 et
992 1191 1226 1235 Thersitam
1266 1191 1536 1249 represserit,
1578 1205 1692 1235 nunc
1723 1191 1894 1248 longam
1922 1191 2098 1249 insuper
2128 1191 2203 1235 ha-

298 1270 394 1312 beat
425 1269 690 1317 orationem,
740 1247 867 1326 cujii')
897 1281 1022 1311 nemo
1059 1267 1213 1310 habeat
1244 1268 1477 1316 rationem,
1524 1267 1603 1311 nisi
1634 1268 1747 1326 quod
1781 1267 2008 1312 clamorem
2039 1267 2201 1312 tollant.

298 1345 562 1389 tlontradicit
600 1315 908 1402 Naegelsbaffi.
947 1360 986 1403 p.
1029 1347 1135 1387 187:
1186 1346 1311 1399 »Dass
1345 1348 1388 1386 in
1426 1347 1498 1387 den
1534 1347 1836 1399 nacksolqendm
1879 1347 2008 1387 Reden
2045 1346 2207 1388 Nestor-s

296 1426 379 1465 und
405 1424 693 1477 Aqamemnons
723 1424 831 1464 ihrer
860 1422 970 1481 &dte
999 1423 1255 1475 Erwiihnunq
1285 1424 1497 1475 gerebam,
1530 1424 1616 1463 thus
1645 1423 1783 1464 Nicms
1810 1436 1886 1463 zur
1916 1423 2062 1470 Saena
2108 1424 2207 1463 devm

299 1499 491 1542 Niemand
518 1498 619 1541 wird
648 1498 831 1540 beweisen
860 1497 1011 1556 Ιεόᾳιενι
1026 1527 1038 1545 ,
1071 1497 1157 1551 dass
1193 1498 1300 1540 ihrer
1328 1498 1490 1552 yedacht
1517 1498 1667 1540 werden
1695 1496 1902 1550 mus-§teu
1944 1511 2087 1551 yenuy,
2121 1497 2208 1550 dass

298 1578 353 1618 sie
393 1577 578 1630 Einqany
625 1576 725 1617 beim
761 1575 882 1616 Heere
915 1562 1076 1637 μου*
1137 1571 1202 1616 Ita
1239 1572 1411 1630 quidem
1449 1571 1552 1616 nihil
1592 1585 1677 1616 non
1716 1571 1883 1616 defendi
1914 1578 2067 1630 potest.
2129 1572 2214 1627 (Der

302 1651 467 1693 ratione
485 1681 496 1699 ,
535 1663 646 1707 quae
677 1648 912 1691 secundum
944 1647 1125 1701 eundem
1156 1648 1267 1690 inter
1296 1648 1406 1690 hanc
1427 1655 1468 1691 et
1487 1648 1678 1691 Nestoris
1698 1649 1932 1691 orationem
1962 1647 2207 1698 intercedat,

301 1733 449 1783 postea
492 1724 683 1777 dicetur.)
746 1724 834 1766 Nec
872 1712 1036 1774 felicius
1072 1723 1115 1765 in
1157 1724 1260 1766 meis
1300 1723 1534 1767 refutandis
1574 1730 1763 1768 versatus
1794 1732 1869 1768 est.
1929 1724 2208 1782 vituperave-

302 1815 407 1850 ram,
441 1799 558 1858 quod
590 1799 692 1842 nihil
714 1798 765 1841 de
796 1800 1116 1856 Agamemnone
1147 1799 1291 1855 fugam
1320 1800 1523 1843 suadente
1553 1807 1680 1858 atque
1701 1800 1874 1844 Graecis
1890 1801 2008 1858 justo
2030 1800 2209 1844 celerius

306 1874 698 1934 obtemperantibus
726 1875 1039 1917 memoraverit.
1073 1873 1234 1918 Contra
1255 1874 1558 1933 Naegelsbach.
1589 1890 1631 1933 p.
1654 1878 1756 1919 aas:
1789 1878 1900 1918 »Von
1927 1876 2212 1932 Aqamemnons

301 1955 587 2008 Aufforderunq
617 1955 669 1994 ist
699 1955 806 1994 nicht
838 1954 897 1994 die
927 1954 1051 2000 Rede,
1098 1955 1191 1995 weil
1217 1967 1257 1994 es
1287 1954 1372 1994 dem
1401 1955 1590 1995 Interesse
1619 1955 1684 1995 des
1714 1955 1884 1996 Retinere
1912 1956 2106 2008 qeradezu
2135 1957 2207 1995 wi-

299 2032 513 2073 derstret'tet
548 2044 602 2071 an
642 2031 743 2071 diese
781 2044 834 2070 zu
874 2030 1069 2071 erinnem.
1131 2031 1243 2071 Demi
1277 2044 1322 2071 so
1360 2030 1527 2082 trefflich
1562 2032 1662 2071 diese
1697 2033 1883 2072 verstellce
1922 2031 2210 2084 Aufforderunq

299 2121 384 2149 vom
413 2107 573 2148 Dichter
601 2106 789 2159 erstanden
818 2106 892 2153 ist,
939 2118 1007 2146 um
1037 2103 1232 2154 dadurclt.
1278 2106 1364 2159 dass
1402 2118 1446 2147 er
1482 2107 1538 2148 sie
1574 2107 1759 2148 ermtliclt
1798 2119 2022 2160 yenommen
2062 2107 2212 2149 werden

303 2184 410 2236 Iiisst,
442 2184 501 2223 die
539 2183 760 2235 Stimmunq
796 2182 862 2222 des
900 2182 1048 2233 Laqers
1083 2194 1135 2221 zu
1164 2182 1535 2223 vermeehaulichen
1563 2182 1646 2222 und
1683 2182 1743 2223 die
1772 2182 1891 2223 Scene
1919 2184 1991 2223 mit
2021 2183 2213 2223 Heraites

302 2260 622 2312 herbeizusu'hren
653 2256 787 2313 (quasi
819 2270 905 2298 non
936 2255 1041 2298 haec
1073 2256 1216 2299 omnia
1249 2256 1375 2300 etiam
1405 2256 1638 2314 praemissa
1668 2256 1723 2300 ad
1759 2264 1972 2300 certamen
2010 2256 2210 2300 adhorta-

304 2333 417 2377 tione
458 2330 671 2376 introduci
709 2330 946 2389 potuerint!
991 2329 1088 2374 vide
1118 2344 1161 2389 p.
1201 2330 1297 2386 12),
1338 2345 1383 2375 so
1418 2332 1510 2375 sehr
1543 2333 1611 2375 hat
1649 2333 1706 2376 eie
1735 2333 1820 2375 sich
1849 2333 1918 2387 fiir
1946 2332 2211 2388 Aqamemnon

305 2411 426 2453 durch
456 2411 528 2452 den
557 2410 695 2464 Erfolq
726 2409 787 2451 als
817 2409 902 2450 eine
930 2409 1108 2463 versehlte
1137 2408 1349 2463 Massreqel
1376 2409 1568 2452 emicem.
1628 2409 1761 2452 Duker
1789 2410 1844 2451 ist
1872 2409 1939 2452 der
1967 2409 2119 2452 Redner
2147 2424 2213 2465 ye-

304 2488 455 2540 no’thiyt
483 2499 558 2528 von
586 2488 668 2527 ihm
695 2499 748 2526 zu
777 2486 1031 2537 schweiyen.“
1080 2483 1173 2526 Imo
1205 2498 1228 2526 e
1260 2484 1476 2527 contrario
1506 2483 1683 2542 propter
1711 2483 1827 2527 illam
1858 2484 1994 2542 ipsam
2025 2498 2212 2533 causam.

308 2561 422 2618 quod
453 2561 638 2618 populus
677 2568 761 2603 tam
792 2567 990 2617 prompte
1020 2559 1135 2602 illam
1168 2560 1502 2610 adhortationem
1532 2567 1704 2604 secutus
1733 2560 1894 2609 fuerat.
1943 2569 2041 2604 ante
2072 2563 2215 2604 omnia

313 2635 557 2679 edocendus
588 2642 705 2683 erat,
740 2649 830 2678 eam
863 2634 1102 2678 simulatam
1134 2634 1286 2685 fuisse,
1320 2649 1408 2694 quo
1440 2636 1576 2679 omnis
1609 2634 1703 2694 ejus
1734 2636 1964 2682 auctoritas
1994 2635 2213 2681 tolleretur

309 2720 349 2755 et
387 2711 527 2769 pudor
563 2711 803 2755 tentaminis
844 2711 954 2754 male
997 2712 1218 2768 sustentati
1257 2712 1299 2755 in
1337 2712 1526 2756 omnium
1569 2712 1720 2756 animis
1757 2712 2026 2757 excitaretur.
2091 2714 2213 2765 Quae

310 2787 462 2831 deinde
497 2786 800 2844 Naegelsbach.
834 2802 874 2845 p.
908 2789 992 2831 295
1025 2786 1079 2831 de
1111 2786 1317 2844 obsequio
1358 2788 1582 2845 exposuit,
1628 2788 1797 2834 silentio
1827 2795 2069 2846 praetereo.
2103 2803 2213 2846 qno-

309 2864 421 2907 niam
468 2862 595 2906 verba
636 2877 727 2906 mea
770 2877 858 2907 non
898 2869 1013 2907 recte
1053 2862 1275 2908 intellexit.
1346 2862 1475 2918 Quod
1514 2877 1643 2921 porro
1690 2863 1781 2909 dixi
1814 2863 1885 2908 illa
1928 2879 1967 2908 v.
2000 2866 2086 2909 284
2117 2878 2208 2924 sqq.

306 2938 510 2995 Ἀτρείδη,
540 2941 623 2981 νῦν
653 2936 705 2992 δή
736 2949 792 2988 σε,
825 2937 945 2991 ἅναξ,
979 2937 1204 2983 ἐθέλουσιν
1217 2936 1388 2995 Ἀχαιοί,
1418 2941 1548 2983 πᾶσιν
1576 2937 1812 2996 ἐλέγχιστον
1829 2937 2008 2996 θέμεναι
2037 2948 2079 2984 et
2109 2956 2217 2999 qnae

308 3021 570 3073 sequnntur,
619 3014 772 3073 quibus
803 3016 1112 3073 Agamemnoni
1150 3023 1325 3061 excusat
1355 3015 1568 3064 Graecos.
1618 3016 1736 3075 quod
1768 3016 1976 3061 redeundi
2008 3016 2218 3062 desiderio

305 3092 419 3152 capti
459 3091 564 3140 sint,
612 3104 662 3133 ea
701 3096 790 3134 tum
830 3098 991 3135 tantum
1029 3090 1171 3136 locum
1207 3089 1366 3136 habere
1406 3104 1557 3151 posse.
1610 3093 1646 3138 si
1688 3093 1995 3153 Agamemnoni
2039 3092 2094 3139 ad
2135 3107 2218 3153 pn·

306 3183 434 3226 gnam
463 3168 716 3226 provocanti
747 3180 899 3225 parere
929 3168 1165 3213 noluissent
1195 3168 1371 3216 milites,
1421 3168 1521 3212 nihil
1559 3182 1734 3227 prorsus
1765 3168 1982 3227 respondit
2012 3169 2219 3228 Naegels-
