2464 3828
265 392 452 441 bacbius.
509 393 667 436 Contra
698 394 812 450 quod
844 401 1097 438 notaveram
1129 401 1289 439 tantum
1317 395 1517 439 draconis
1547 396 1679 438 mirac

264 470 349 512 rari
394 468 508 512 nulla
548 470 702 513 somnii
739 469 847 513 facta
887 471 1123 520 mentione,
1167 470 1212 514 id
1242 471 1269 515 l.
1301 486 1338 515 c.
1369 472 1427 515 ita
1466 472 1714 530 impugnat,

266 552 412 588 notum
443 551 485 591 et
512 543 793 590 indubitatum
813 577 825 596 ,
854 545 936 591 boc
966 561 1069 592 vero
1087 547 1150 591 iis
1180 545 1313 592 modo
1340 561 1468 605 grave
1497 547 1629 593 fuisse
1659 561 1703 591 m
1732 606 1734 609 y

263 628 389 665 trono
417 620 748 679 Agamemnonis
786 623 892 666 Jove
931 637 1181 681 persuasum
1221 622 1302 667 sibi
1345 623 1577 668 habuerint.
1810 637 1898 668 uon
1943 624 2162 682 aptissime

265 707 492 758 utrumque
523 699 584 743 sic
615 699 933 757 conjunxisset,
980 706 1027 743 ut
1056 700 1201 745 Ulixes
1245 713 1375 758 quam
1411 700 1616 763 antelios
1647 710 1683 744 a
1829 714 1966 744 annos
1996 701 2162 758 Jupiter

265 777 316 831 (v.
349 779 449 819 309.
479 775 580 819 319.
615 773 715 831 324)
738 775 1019 832 portendisset
1047 775 1121 819 illo
1152 775 1349 833 prodigio
1369 776 1654 834 Iliiexpngna
1686 787 1688 789 ·
1743 791 1828 827 em,
1861 791 1955 820 eam
1980 776 2164 820 eundem

268 867 380 896 nunc
414 852 476 906 -·(v.
522 851 622 906 330)
669 852 826 895 sactum
870 853 922 895 iri
965 854 1131 896 somnio
1181 853 1372 897 immisso
1421 853 1691 910 promisisse
1739 854 1750 865 ⁰
1785 853 1907 897 ‘ssetl
1986 852 2163 911 Singula

1910 398 2034 442 Ulixe
2064 411 2164 441 nar-
2224 454 2227 456 q

1829 470 1934 516 illud
1964 473 2161 518 omnibus

1846 578 1860 597 ‚
1893 548 1968 605 qui
1997 547 2051 592 de
2082 563 2160 608 pa-

265 928 473 986 quaedam
505 927 667 972 notavit
697 926 867 973 Curtius
897 943 939 986 p.
974 930 1161 978 13—16,
1196 942 1307 986 quae
1337 927 1541 987 explicuit
1570 927 1635 973 Na

262 1004 491 1048 solentiora
522 1017 614 1047 esse
632 1017 729 1054 ,non
761 1004 898 1061 potuit
928 1017 1096 1062 negare.

377 1079 518 1131 ,Etiam
547 1080 736 1126 Nestoris
768 1080 1000 1124 orationem
1031 1087 1120 1124 tam
1150 1079 1445 1124 tantammodo
1486 1093 1627 1124 conve
1730 1113 1741 1130 ,
1787 1081 1824 1123 si
1852 1082 2162 1138 Agamemnoni

265 1157 317 1200 ad
357 1155 630 1215 pugnandum
669 1156 866 1199 excitanti
904 1155 1099 1208 nonnulli
1128 1155 1281 1200 Graeci
1311 1169 1357 1199 se
1393 1158 1656 1215 opposuerin
1719 1171 1757 1199 v.
1789 1160 1874 1200 345
1903 1155 2042 1213 ἄρχευ’
2071 1154 2162 1213 Ἀρ-

265 1234 410 1288 γείοισι
447 1230 554 1277 κατὰ
590 1230 794 1289 κρατερὰς
832 1229 1037 1288 ὑσμίνας,
1077 1229 1229 1275 τούσδε
1265 1228 1303 1275 δ’
1335 1230 1383 1274 ἔα
1421 1229 1633 1288 φθινύθει
1657 1218 1673 1275 s
1713 1230 1789 1275 ἕνα
1818 1232 1886 1275 καὶ
1917 1230 2000 1276 δύο
2030 1238 2156 1285 etc.);

265 1325 360 1354 eum
392 1324 545 1367 magno
588 1310 661 1353 sed
691 1312 837 1368 inepto
877 1311 993 1353 hiatu
1031 1310 1220 1367 incipere
1255 1306 1293 1352 a?
1316 1306 1493 1359 Γπόποι,
1539 1302 1568 1365 ἦ
1595 1307 1646 1353 d*
1678 1310 1824 1353 παισὶν
1853 1308 2033 1361 ἐοικότες
2063 1307 2162 1365 ἆγο-

263 1386 425 1439 ράασθε
465 1371 715 1441 νηπιάχοις(
753 1401 849 1429 cum
886 1395 1026 1429 tamen
1062 1393 1104 1428 et
1140 1385 1234 1442 ipse
1262 1384 1366 1428 nihil
1397 1383 1623 1442 adjiciat,.⁷
1659 1385 1709 1429 isi
1747 1386 1864 1444 quod
1898 1386 2042 1432 Ulixes
2071 1386 2161 1444 jam

264 1462 473 1512 attulerit,
521 1462 774 1520 promissum
807 1476 831 1505 a
870 1460 1042 1506 Graecis
1084 1466 1127 1505 et
1165 1459 1409 1519 prodigium
1445 1473 1469 1504 a
1499 1436 1633 1526 Jovh
1651 1459 1819 1513 datam;
1868 1461 1963 1506 binc
2000 1469 2161 1506 utram·-

263 1553 346 1597 que
366 1539 601 1584 orationem
624 1537 677 1582 ad
698 1545 993 1595 argumentum
1012 1536 1266 1581 simillimam
1286 1550 1404 1588 esse;
1434 1528 1610 1599 omni&
1641 1550 1785 1581 rerum
1814 1536 1896 1581 buc
1925 1552 2062 1596 nsque
2090 1552 2165 1596 ge-

263 1623 420 1658 starum
462 1615 563 1658 nibil
602 1629 626 1657 a
664 1614 844 1659 Nestore
883 1613 1058 1670 respici,
1104 1611 1261 1655 ibidem
1295 1613 1492 1669 exposui.
1550 1595 1829 1695 §cotradixit
1859 1614 2163 1671 Naegelsbach.

262 1690 468 1735 subtiliter
504 1691 612 1736 banc
648 1704 741 1733 esse
780 1689 912 1734 Ulixis
948 1696 988 1732 et
1025 1689 1213 1733 Nestoris
1255 1689 1496 1732 orationum
1522 1675 1744 1753 ¹1§ationem
1784 1689 2072 1739 contendens,
2118 1699 2165 1734 ut

237 1812 239 1815 .
263 1768 332 1810 illa
372 1767 631 1811 consolatrix
660 1767 792 1824 magis
822 1766 972 1810 leniter
1003 1764 1198 1809 docendo
1229 1778 1385 1823 spem,
1417 1764 1546 1828 qaffl
1576 1766 1787 1809 exercitus
1809 1766 1965 1809 babere
1995 1766 2161 1816 debeat,

264 1844 538 1893 demonstret,
575 1842 679 1885 baec
709 1842 986 1885 conviciatrix
1017 1841 1171 1884 acriter
1198 1840 1744 1903 increpandot-osficium
1777 1842 2039 1886 Graecorum
2064 1843 2164 1900 jure

257 1920 444 1979 jurando
474 1919 686 1963 firmatum
719 1926 866 1976 urgeat
897 1920 952 1976 (p.
989 1920 1083 1961 144.
1119 1920 1215 1961 176.
1240 1920 1348 1976 187.
1382 1909 1496 1992 838).
1544 1918 1693 1976 Itaque
1724 1918 1877 1962 falsum
1905 1933 2014 1969 esse,
2047 1919 2163 1977 quod

268 2006 365 2054 post
394 2012 462 2040 me
491 1997 661 2040 Curtius
691 2011 734 2052 p.
770 1998 821 2038 13
853 1995 1027 2043 dixerit,
1066 1993 1195 2038 Ulixis
1225 1993 1462 2043 orationem
1495 1994 1549 2038 ad
1577 1994 1804 2048 Nestoreae
1835 1995 2078 2053 exemplum
2109 1995 2163 2039 ab

267 2073 478 2116 imitatore
509 2070 742 2115 confectam
764 2084 856 2114 esse
888 2071 944 2129 (p.
968 2070 1083 2126 291),
1117 2068 1193 2114 sed
1224 2065 1514 2128 gradationem
1544 2070 1682 2115 inesse
1714 2079 1889 2115 naturae
1919 2085 2162 2116 accommo—

266 2148 407 2191 datam
440 2148 496 2205 (p.
537 2146 645 2201 ¹87).
707 2147 824 2189 Haec
863 2159 1010 2189 rursus
1055 2141 1282 2196 subtilius,
1314 2160 1442 2203 quam
1490 2148 1629 2190 verius
1673 2147 1883 2205 disputata
1924 2154 2035 2190 sunt.
2100 2149 2163 2190 Ac

266 2225 448 2281 primum
480 2223 674 2281 quidem,
707 2223 744 2266 si
773 2222 869 2266 data
899 2237 1033 2280 opera
1069 2221 1241 2286 volebas
1266 2222 1478 2281 ejusmodi
1512 2223 1668 2268 inferre
1703 2222 1989 2282 gradationem
2004 2255 2015 2273 ,
2058 2238 2164 2281 pro-

265 2298 377 2344 fecto
409 2298 548 2343 acrior
577 2297 715 2343 oratio
753 2310 839 2342 non
867 2296 1037 2342 Nestori
1067 2295 1209 2343 danda
1246 2304 1358 2347 erat,
1408 2298 1501 2342 seni
1548 2298 1719 2357 placido
1760 2305 1800 2342 et
1838 2299 2041 2357 sapienti,
2089 2299 2165 2342 sed

268 2375 409 2426 Ulixi,
458 2388 584 2434 quem
626 2373 828 2419 conviciis
863 2372 993 2418 modo
1030 2380 1075 2419 et
1094 2372 1357 2419 'verberibus
1395 2388 1493 2419 cum
1527 2375 1571 2418 in
1602 2374 1707 2420 alios
1738 2381 1825 2418 tum
1855 2375 1899 2418 in
1930 2374 2166 2419 Thersitam

268 2460 502 2510 grassatum
536 2457 866 2494 consentaneum
881 2457 988 2494 -erat
1005 2450 1158 2494 animo
1178 2449 1393 2495 com'moto
1414 2458 1633 2500 aestuare,
1666 2451 2022 2508 quemadmodum
2056 2451 2166 2495 bene

269 2529 485 2586 perspexit
524 2527 655 2571 scb‘ol.
694 2527 749 2570 ad
786 2542 828 2570 v.
874 2530 983 2575 199,
1030 2535 1078 2570 ut
1121 2540 1296 2584 prorsus
1341 2526 1583 2571 dissentiam
1628 2527 1681 2570 ab
1725 2527 1806 2570 illis
1847 2526 2169 2583 Naegelsbacbii

267 2619 308 2660 p.
348 2606 454 2648 187:
504 2604 733 2649 »Vale-end
759 2604 1004 2646 Schltworte
1031 2603 1171 2658 irqend
1195 2603 1357 2646 wolchen-
1385 2603 1462 2646 Art
1489 2605 1573 2646 dem
1600 2617 1675 2645 von
1708 2604 1906 2658 Odyssean
1934 2606 2168 2658 anqeschla·

265 2694 385 2736 ymen
427 2682 529 2724 rom
550 2671 876 2734 'mammem
913 2692 1057 2734 passm
1090 2681 1147 2722 eie
1182 2680 1342 2733 nemeen
1381 2681 1425 2722 a»
1460 2681 1620 2724 Neston
1654 2681 1837 2723 Munda«
1901 2679 2011 2723 Tum
2052 2678 2169 2723 inam

267 2756 670 2801 discriminationem
697 2755 809 2800 inter
837 2768 979 2813 spem
1009 2752 1062 2798 ab
1092 2753 1216 2799 Ulixe
1245 2753 1428 2804 factam,
1471 2753 1718 2798 officium
1754 2768 1780 2798 a
1809 2752 1995 2799 Nestore
2031 2755 2171 2800 incul-

267 2839 410 2877 catum
439 2843 589 2877 vanam
631 2845 724 2877 esse
762 2828 861 2875 inde
900 2836 1034 2891 patet,
1082 2828 1198 2889 quod
1236 2829 1293 2874 ad
1328 2829 1515 2875 officium
1553 2830 1770 2889 pertinent
1799 2830 1927 2874 etiam
1958 2831 2170 2890 promissa

268 2908 532 2953 Graecorum
563 2906 617 2951 ab
647 2907 770 2952 Ulixe
798 2923 840 2952 v.
870 2909 1104 2951 286—288
1133 2914 1366 2950 memorata
1379 2940 1391 2959 ,
1421 2907 1474 2949 ad
1503 2920 1623 2965 spem
1653 2908 1780 2951 etiam
1810 2908 2022 2965 prodigia,
2055 2922 2169 2965 quo-

267 2998 363 3030 rum
399 2984 554 3030 Nestor
593 2984 782 3028 meminit
811 2998 849 3028 v.
881 2986 1125 3032 350—353.
1185 2984 1324 3028 Porro
1353 2996 1431 3027 nec
1460 2982 1628 3028 Ulixem
1665 2983 1819 3028 leniter
1850 2998 1977 3043 agere
2005 2999 2051 3028 v.
2082 2987 2169 3028 289

268 3075 330 3121 sq.
363 3068 404 3106 et
433 3061 520 3106 298
551 3067 746 3119 arguunt.
807 3060 1029 3105 Postremo
1067 3057 1371 3119 Naegelsbach.
1400 3073 1446 3120 p.
1477 3061 1562 3103 295
1592 3072 1658 3119 sq.
1692 3060 1753 3113 ita
1789 3069 1939 3105 contra
1974 3074 2044 3104 me
2082 3060 2169 3104 dis-

266 3146 410 3196 putat:
452 3139 536 3181 »Es
564 3140 733 3188 scheint,
764 3140 825 3182 als
854 3139 902 3180 ab
932 3139 1086 3193 Kffcltly
1121 3139 1225 3181 nach
1253 3140 1360 3181 eim
1386 3139 1431 3179 in
1459 3139 1532 3180 don
1559 3139 1691 3181 δάιοι.
1721 3140 1827 3181 BLV
1853 3140 2060 3182 borith-ten
2087 3139 2172 3180 An-
