2464 3828
1028 268 1415 354 —23—¹
1794 0 1949 340 l

264 441 362 495 ⁷85)
393 447 652 498 sequuntur.
696 433 937 498 singulatim
976 441 1118 486 dicere
1158 441 1430 499 supersedeo.
1497 440 1663 495 Quibus
1693 454 1752 498 qn
1883 455 1949 486 am
1982 442 2159 488 libenter

264 515 597 573 Naegelsbacbio
629 516 820 561 concedo
855 532 924 561 res
955 516 1141 562 diversas
1171 518 1388 567 exornari.
1419 517 1461 562 id
1492 517 1608 576 quod
1629 516 1740 562 -lucu
1762 501 1786 529 ἰ
1857 531 1879 561 r
1908 517 1978 561 ille
2007 534 2049 576 p.
2071 519 2152 563 201

258 606 357 651 sqq.
389 599 637 651 persecutus
668 600 754 644 est,
788 592 897 638 banc
929 599 1067 639 tamen
1099 594 1284 653 copiam.
1318 592 1444 652 cuius
1471 607 1619 653 parem
1651 593 1707 639 ali
1850 601 1937 639 stra
1959 606 2155 652 quaeras,

264 668 478 712 variorum
509 668 662 713 florum
693 669 799 713 scito
831 669 1085 721 ordinatori,
1120 684 1249 729 quam
1279 669 1416 713 eidem
1447 671 1622 729 antiquo
1781 684 1806 714 e
1836 670 2159 714 adscribendam

264 757 355 787 esse
392 758 488 787 cum
520 746 766 788 Hermanno
798 752 840 787 et
869 746 1055 803 Hauptio
1087 755 1275 789 censeo.x
1718 794 1730 815 ί

378 820 467 865 Sed
512 822 563 865 de
594 823 656 865 his
686 822 842 878 ambigi
872 830 1021 880 potest.
1084 822 1245 867 Ceteris
1275 836 1400 870 vero,
1446 837 1558 879 quaev
1585 837 1670 880 qua
1831 823 1952 880 potui
1982 837 2160 866 accura-

265 899 421 941 tissime
451 899 651 947 tractavi.
700 898 926 955 diligenter
954 898 1171 956 pensitatis
1203 898 1298 956 quis
1330 911 1416 942 non
1445 898 1582 948 videt.
1626 898 1661 942 si
1672 813 1861 1023 “qiam
1892 912 2003 942 unus
2033 906 2160 957 poeta

205 966 218 971 “
266 974 341 1017 bos
372 976 458 1016 483
491 988 636 1025 versus
666 975 854 1031 scripsit,
896 988 992 1017 eum
1022 980 1184 1018 tantum
1215 973 1363 1018 abesse
1392 981 1439 1017 ut
1468 975 1590 1024 nibil,
1632 981 1680 1017 ut
1754 983 1871 1017 ntum
1903 989 1989 1018 non
2020 975 2163 1018 omnia

265 1052 406 1108 inepte
437 1050 606 1094 molitus
637 1051 716 1095 sit?
777 1052 924 1108 ltaque
955 1050 1093 1095 adbuc
1123 1051 1372 1095 sententiam
1403 1057 1527 1095 teneo
1558 1051 1658 1095 olim
1687 1052 1977 1133 qoposssam,
2012 1051 2162 1109 prio-

266 1140 371 1169 rem
409 1126 560 1184 hujus
599 1126 722 1169 libri
763 1134 965 1184 partem
1004 1142 1029 1170 e
1068 1126 1276 1171 duobus
1322 1126 1643 1170 carminibus
1710 1121 1714 1125 ’
1756 1127 2161 1170 imitus-diver·

267 1202 368 1251 sis,
416 1201 504 1245 sed
540 1202 726 1260 partim
770 1201 1036 1246 similibus
1077 1202 1305 1261 indeque
1342 1208 1522 1246 mutuo
1560 1134 1915 1262 integolatis
1956 1216 1981 1245 a
2021 1203 2162 1245 Pisi-

267 1280 482 1320 strateis
524 1280 943 1320 contaminatam
980 1293 1111 1321 esse.
1666 1263 1728 1351 53}

381 1355 504 1396 Prius
542 1368 733 1402 carmen,
782 1354 977 1396 omnibus
1015 1354 1200 1412 rejectis.
1250 1368 1360 1411 quae
1398 1361 1471 1396 aut
1506 1355 1684 1420 postes}
1695 1355 1836 1397 addita
1866 1354 2061 1397 videntur
2091 1360 2164 1396 aut

266 1445 317 1472 ex
348 1430 480 1473 altero
511 1431 697 1472 carmine
729 1430 861 1486 recipi
891 1437 1109 1486 poterant,
1143 1430 1339 1473 talevfere
1367 1430 1497 1473 fuisse
1518 1424 1758 1514 etia'gnune
1780 1430 1984 1487 conjicio:
2022 1432 2162 1472 1—107

269 1510 561 1562 Agamemnon
591 1505 758 1549 somnio
790 1505 1021 1555 excitatus,
1069 1507 1244 1549 87-94
1274 1504 1508 1549 exercitum
1542 1498 1770 1578 adjuvante
1801 1504 1908 1550 Ossa
1938 1505 2028 1562 ipse
2059 1519 2162 1549 con-

266 1589 413 1630 vocat:
455 1587 543 1624 tum
575 1582 776 1624 554109
805 1577 907 1631 τούς
944 1578 1014 1636 ὅγε
1043 1577 1303 1636 συγκαλέσας
1332 1576 1412 1624 ἔπε’
1440 1575 1662 1643 Ἀργείσῐσι
1699 1577 1906 1637 μετηύδας
1943 1580 2035 1639 ejus
2065 1593 2165 1624 ora-

265 1659 347 1702 tio:
386 1660 481 1702 110.
513 1660 568 1702 56
603 1644 673 1716 (ita
703 1656 977 1702 scribendus:
1010 1654 1226 1700 κέκλυτέ
1260 1671 1375 1713 μεν.
1408 1654 1528 1708 θεῖός
1553 1671 1629 1722 got
1656 1656 1766 1712 etc).
1799 1660 1988 1701 57—71.
2024 1659 2164 1699 116—

268 1737 361 1778 123.
398 1736 638 1776 125-129.
674 1737 771 1775 139.
812 1736 1058 1776 382-387.
1099 1736 1184 1775 332
1224 1734 1418 1787 (fortasse
1455 1735 1514 1776 ita
1531 1730 1757 1794 Ab-‹scriptusz
1806 1731 2065 1787 σήμερον,
2111 1733 2164 1772 εἰ-

272 1809 396 1853 σόκεν
427 1817 505 1852 etc.
539 1811 637 1852 con.
672 1814 742 1851 29.
776 1814 845 1851 37.
877 1811 970 1864 66);
1003 1817 1093 1852 tum
1129 1813 1358 1852 142-1-144
1394 1808 1453 1859 ὃς
1479 1802 1614 1874 φάτο·
1653 1807 1811 1864 κινήθη
1851 1807 1889 1851 δ’
1935 1806 2068 1862 ἀγορὴ
2104 1806 2166 1861 φὴ

264 1885 429 1941 κύματα
458 1884 599 1941 μακρά
629 1887 732 1943 (quo
763 1886 875 1929 sacto
905 1885 1010 1929 illud
1040 1887 1232 1943 ineptum
1263 1881 1494 1941 &Momm
1511 1886 1702 1943 ejicitur).
1743 1889 1824 1929 145
1847 1893 1888 1929 et
1911 1888 1993 1929 146
2024 1899 2166 1942 popu-

241 1957 333 2007 ·*lus
374 1978 517 2007 secum
558 1970 817 2015 murmurat,
863 1962 1000 2007 donec
1034 1965 1277 2006 211-238
1311 1961 1523 2017 (8641212
1564 1961 1763 2017 Θερσίτης
1798 1958 1835 2006 δ’
1878 1959 1964 2018 ἄρα
2005 1977 2049 2016 μ.
2090 1975 2165 2005 seu

267 2039 350 2084 tale
398 2038 514 2097 quid)
558 2039 707 2083 ceteris
729 2037 1042 2089 ,cunctantibus
1082 2037 1270 2083 Thersita
1310 2037 1467 2096 surgit,
1512 2051 1636 2096 quem
1675 2037 1865 2096 reprimit
1909 2044 1949 2081 et
1993 2037 2167 2094 castigat

266 2115 409 2170 Ulixes
442 2117 669 2158 243-251
727 2114 815 2170 (aut
851 2115 1093 2157 243-249.
1133 2114 1393 2168 254-266).
1447 2116 1677 2157 257-278
1717 2113 1992 2172 probantibus
2034 2112 2167 2157 Grae-

268 2193 353 2239 cis,
405 2205 512 2249 quos
555 2191 642 2249 jam
689 2197 730 2234 et
775 2197 952 2233 excusat
991 2197 1033 2233 et
1076 2189 1227 2233 leniter
1263 2188 1462 2233 admonet
1503 2189 1646 2234 Ulixes
1678 2192 1762 2232 279
1773 2189 1911 2233 4283
1943 2186 2066 2243 ἔστη,
2099 2186 2169 2230 ἐϋ-

268 2265 463 2322 φρονέων
491 2265 529 2310 δ’
561 2265 801 2322 ἄγορήσαζιο
830 2266 900 2309 καὶ
928 2263 1151 2321 μετέειπεν.
1183 2268 1271 2309 284
1298 2273 1339 2310 et
1369 2265 1466 2309 285.
1498 2268 1745 2311 289-298.
1776 2269 1855 2309 331
1890 2272 1932 2308 et
1951 2268 2055 2314 332:
2091 2263 2168 2307 sed

269 2359 389 2394 cum,
442 2358 552 2403 quae
584 2343 834 2402 gravissima
874 2348 994 2393 sunt,
1043 2341 1198 2387 oblitus
1237 2348 1369 2392 esset,
1402 2343 1658 2401 promissum
1699 2342 1958 2388 Graecorum
1996 2346 2038 2385 et
2067 2339 2163 2386 fau·

268 2428 377 2465 stum
408 2421 525 2466 Jov'is
557 2435 709 2470 omen,
743 2426 856 2464 recte
886 2419 1012 2464 simul
1043 2433 1140 2465 cum
1171 2418 1363 2464 Thersita
1383 2418 1647 2479 rituperatur
1666 2434 1689 2463 a
1708 2419 1885 2464 Nestore
1915 2420 2163 2462 336—359.

268 2500 376 2541 Tum
415 2498 607 2555 sequitur
642 2504 741 2555 post
778 2498 1109 2554 Agamemnonis
1148 2496 1321 2540 alteram
1360 2498 1596 2541 orationem
1633 2499 1873 2540 369—376.
1919 2497 2167 2538 379—381.

268 2576 502 2619 388—393
534 2588 694 2619 coenae
724 2557 765 2618 et
795 2571 990 2618 sacrificii
1020 2578 1062 2618 et
1092 2571 1367 2632 profectionis
1397 2573 1441 2618 in
1475 2572 1631 2618 bellum
1663 2572 1900 2631 descriptio*
1922 2572 2171 2621 394-t52

271 2652 339 2694 cui
370 2651 480 2695 duae
511 2659 650 2695 tresve
685 2649 919 2709 parabolae
956 2649 1277 2707 adjiciebantur.

383 2728 576 2770 Alterum
617 2740 789 2769 carmen
825 2727 927 2768 baec
958 2725 1363 2784 comprehendebat:
1407 2727 1595 2768 48-52.
1629 2729 1832 2768 95-109
1864 2724 2039 2767 Graecis
2070 2738 2177 2767 con-

272 2805 456 2861 gregatis
485 2801 783 2861 Agamemnon
814 2804 970 2860 surgit,
1019 2812 1187 2860 sceptro
1225 2802 1343 2846 avito
1382 2803 1634 2850 instructus,
1680 2801 1794 2859 quod
1826 2801 2069 2845 accuratius
2100 2801 2176 2844 de·

268 2880 491 2928 scribitur,
538 2879 741 2936 quoniam
782 2893 835 2923 eo
875 2892 1031 2923 usurus
1070 2874 1335 2930 est'Ulixes3
1386 2878 1712 2936 Agamemnonis
1751 2876 1889 2921 oratio
1925 2880 2171 2921 tto—115.
2257 2872 2259 2875 ’

270 2957 527 3005 134-141,
561 2969 647 3013 qua
676 2954 787 2999 serio
822 2954 875 2998 ad
910 2953 1053 3010 fugam
1088 2953 1302 3004 bortatnr3
1350 2960 1438 2998 tum
1479 2955 1576 2997 142.
1614 2955 1858 2996 147-159.
1894 2955 1991 2996 163.
2035 2954 2176 2996 165-

240 3020 369 3076 s180.
417 3034 658 3076 182-192.
705 3034 949 3075 198-202,
992 3033 1225 3075 207-210
1263 3030 1415 3076 Graeci
1460 3044 1553 3073 eam
1597 3030 1790 3087 paraturi
1836 3028 1889 3072 ab
1929 3029 2054 3074 Ulixe
2098 3029 2179 3073 Mi-

271 3122 398 3151 nerva
439 3108 670 3165 adjuvante
722 3109 975 3156 retinentur:
1041 3097 1115 3165 qui
1159 3109 1395 3151 2114278
1440 3104 1562 3149 ἄλλοι
1606 3103 1685 3161 μέν
1735 3102 1773 3162 ῤ’
1818 3102 1973 3158 ἕζοντ’·
2029 3101 2113 3148 ἀνὰ
2140 3100 2180 3147 δ’

233 3234 237 3237 .
268 3180 291 3227 ὁ
329 3184 618 3241 πτολίπορθος
649 3180 885 3236 Ὀδυσσεύς.
949 3185 1205 3228 279-283.
1248 3184 1504 3228 299-330.
1538 3184 1783 3227 333—335
1829 3181 2043 3227 mentione
2074 3194 2175 3225 ora-
