2464 3828
609 621 620 631 .
701 634 708 641 ⁸
772 590 828 632 70
857 587 939 631 boc
973 586 1101 632 modo
1133 596 1428 634 contraxerat:

793 670 869 705 σε
897 659 1036 719 πατήρ
1066 659 1292 720 ὑψίζυγος,
1324 662 1466 720 αἰθέρι
1494 665 1641 715 ναίων.

788 735 1089 803 ἰῖμαχὴσασθαι
1117 740 1241 794 προτὶ
1262 738 1409 784 Ἴλιον.
1469 739 1529 793 ῶς
1557 738 1582 786 ὁ
1611 740 1690 797 μὲν
1720 739 1849 784 εἰπῶν

805 894 807 899 ’
893 889 1029 932 videri
1076 904 1161 934 non
1208 899 1293 935 tam
1337 894 1588 951 repetitione
1626 894 1837 937 offensum
1873 908 1999 952 quam
2031 901 2195 938 motum

906 965 1058 1023 reliqui
1079 967 1343 1011 Graecorum
1376 969 1505 1013 duces
1535 970 1650 1013 stulti
1682 968 1852 1026 (νήπιοι)
1884 970 2192 1029 judicarentur,

289 1051 426 1094 neque
456 1040 720 1095 Agamemno
751 1054 771 1082 s
817 1054 886 1089 us,
915 1040 1161 1085 observavit
1191 1044 1452 1100 Spitznerus.

400 1114 620 1159 Postremo
659 1102 931 1185 Ατὶεῑροδιιε
973 1133 1012 1162 v.
1045 1120 1218 1163 76—83
1257 1117 1352 1175 ἤτοι
1386 1146 1438 1153 -
1468 1117 1567 1172 υἷας
1606 1118 1783 1177 Ἀχαιῶν
1821 1137 1900 1179 pro
1930 1123 2084 1180 spuriis
2116 1123 2191 1166 ba—

285 1188 399 1239 buit,
447 1190 573 1249 cujus
604 1187 987 1284 τοίίουοεὲᾶίεοτῑο
1028 1195 1207 1253 exponit
1236 1195 1369 1240 schol.
1402 1198 1458 1240 A:
1506 1195 1631 1241 καὶ“
1607 1213 1672 1243 οτι
1701 1194 1782 1242 οὐκ
1811 1194 1951 1252 ὀρθοῦ
1981 1195 2193 1254 εἰρηκότος

281 1266 359 1307 τοῦ
385 1262 696 1322 Ἀγαμέμνονος
739 1267 812 1324 λέγ
880 1268 1009 1326 »ἤτοι
1051 1267 1113 1325 ὅγ’
1150 1267 1208 1321 ῶς
1242 1268 1374 1315 είπῶν
1414 1269 1502 1315 κατ’
1533 1270 1598 1328 ἄρ’
1631 1271 1764 1327 ἕζετο,
1771 1276 1790 1300 “
1832 1271 1935 1329 ὅπερ
1974 1272 2190 1318 ἀπίθανον

285 1341 449 1397 (eodem
482 1352 735 1401 argumento
773 1353 815 1389 et
932 1345 1225 1391 Zenodoteam
1258 1363 1294 1391 v.
1328 1352 1382 1392 55
1414 1349 1667 1407 scripturam
1700 1350 1926 1408 rejecerat·
1974 1348 2191 1394 ἀπίθανον

280 1414 326 1459 δὲ
357 1415 451 1460 ἐν’
435 1415 538 1461 emo}
569 1415 708 1473 ὀρθὰν
737 1403 1028 1479 δημηγορεῖν),
1071 1422 1140 1465 καὶ
1172 1420 1236 1466 ὅτι
1273 1420 1400 1467 οὐδὲν
1428 1423 1629 1479 περισσὸν
1658 1424 1765 1481 λέγει
1795 1423 1820 1469 ὁ
1851 1425 2047 1482 Νέστωρ,
2079 1424 2186 1471 ἀλλὰ

279 1492 348 1535 καὶ
379 1492 533 1549 ευηθες
573 1493 622 1538 τὰ
658 1496 790 1539 εἰπεῖν
831 1491 912 1548 ἱ,εείᾼ
929 1496 1010 1553 μέν
1047 1514 1110 1549 τις
1143 1497 1222 1542 τὸν
1259 1498 1428 1555 ὄνειρον
1456 1499 1633 1556 Ἀχαιῶν
1669 1501 1796 1552 ἄλλος
1825 1501 1989 1552 ἔνισπε.
2031 1504 2189 1553 ψεῦδός

280 1582 353 1611 κεν
383 1573 582 1626 φαῖμεν.“
647 1568 701 1614 οὐ
735 1568 818 1628 γὰρ
854 1569 961 1619 κατὰ
1000 1571 1216 1629 διαφορὰν
1251 1575 1295 1618 οἱ
1330 1572 1614 1632 δυνατώτεροι
1653 1574 1829 1633 ἀληθεῖς
1858 1575 2051 1634 ὀνείρους
2082 1575 2189 1635 ὁρῶ-

282 1654 363 1687 σιν.
421 1644 659 1701 αἰρομένων
699 1646 745 1689 δὲ
785 1645 926 1690 αὐτῶν
962 1645 1107 1702 ὀρθῶς
1145 1648 1213 1692 ἐπὶ
1250 1652 1328 1693 τοῦ
1365 1648 1673 1706 Ἀγαμέμνονος
1711 1651 2033 1709 ἑπενεχθήσεται
2065 1683 2087 1708 „
2101 1657 2189 1699 πεί-

280 1719 417 1762 θοντό
435 1735 478 1762 τε
497 1720 664 1775 ποιμένι
684 1724 809 1764 λαῶν.
818 1737 841 1762 «
872 1738 930 1778 μη
959 1721 1175 1781 παρόντος
1203 1722 1286 1781 γὰρ
1315 1728 1394 1768 τοῦ
1420 1723 1730 1783 Ἀγαμέμνονος
1757 1726 1834 1771 τὸν
1854 1727 2050 1787 Νέστορα
2078 1728 2188 1796 λέγει

280 1794 458 1850 ποιμένα
487 1799 612 1840 λαῶν.
665 1795 827 1840 ἄτοπον
855 1796 938 1853 γὰρ
969 1797 1107 1865 τούτῳ
1138 1798 1316 1844 ἕπεσθαι
1346 1800 1448 1853 τούς
1477 1801 1648 1855 αλλους.
1709 1806 1775 1848 Ex
1808 1805 1870 1849 his
1901 1813 2084 1865 quatuor
2114 1821 2183 1851 ar-

281 1875 489 1929 gumentis
521 1875 688 1916 tertium
721 1882 908 1924 tantum,
943 1877 1062 1934 quod
1091 1877 1145 1919 de
1177 1878 1341 1936 majore
1359 1877 1692 1936 Agamemnonis
1724 1881 1807 1925 fide
1838 1883 1945 1940 agit,
1980 1884 2185 1943 Naegels-

280 1949 399 1993 bach.
421 1966 463 2008 p.
494 1955 590 2001 141,
622 1953 780 2002 ψεῦδος
811 1953 862 1995 de
883 1955 1017 2002 Jovis.
1053 1966 1139 2003 non
1170 1954 1223 1998 de
1245 1955 1578 2013 Agamemnonis
1608 1958 1834 2002 mendacio
1864 1961 2180 2020 interpretatus,

278 2026 332 2070 ita
363 2026 523 2077 elevat,
557 2036 604 2072 ut
635 2029 767 2078 dicat,
812 2033 1198 2086 Agamemnonem,
1239 2041 1390 2090 utpote
1428 2049 1555 2090 quem
1591 2036 1825 2078 secundum
1858 2041 1909 2085 A,
1947 2042 2029 2081 1⁷5
2059 2041 2182 2095 Jupi-

277 2110 340 2146 ter
357 2103 482 2155 colat,
512 2103 564 2147 ab
587 2119 638 2150 eo
661 2106 754 2150 Deo
775 2107 892 2151 vanis
915 2107 1135 2166 promissis
1164 2107 1252 2155 faui
1273 2123 1362 2154 non
1385 2123 1511 2170 posse
1532 2110 1687 2163 videri:
1722 2126 1800 2156 nec
1823 2111 1875 2157 de
1896 2115 2083 2172 potentia
2106 2131 2182 2175 per

276 2195 344 2230 se,
379 2182 493 2239 quod
525 2184 733 2242 vituperet
764 2184 1007 2235 scholiasta,
1041 2186 1114 2229 sed
1148 2186 1201 2229 de
1232 2187 1412 2236 ratione,
1446 2201 1557 2245 quae
1587 2189 1698 2232 inter
1729 2195 1944 2247 potentem
1966 2191 2078 2235 bunc
2109 2208 2177 2237 re-

276 2270 369 2313 gem
412 2265 452 2301 et
487 2259 639 2301 Jovem
680 2259 934 2313 intercedat,
968 2260 1035 2304 bic
1066 2275 1308 2306 sermonem
1339 2276 1445 2306 esse.
1507 2263 1560 2307 Et
1601 2264 1747 2308 eadem
1786 2265 1874 2309 fere
1904 2274 1966 2311 est
1996 2268 2178 2313 Baeum·

275 2333 385 2376 leinii
416 2335 621 2377 sententia
661 2335 834 2393 insuper
872 2352 910 2379 v.
948 2340 1024 2380 101
1061 2352 1154 2395 sqq.
1193 2341 1288 2381 19⁷.
1320 2341 1406 2383 205
1447 2345 1490 2382 et
1521 2339 1628 2383 adeo
1662 2342 1710 2389 Θ,
1745 2344 1842 2385 245.
1878 2345 1932 2390 A.
1972 2345 2053 2388 ¹86
2085 2344 2180 2389 lau·

274 2408 421 2453 dantis.
454 2410 571 2455 Alios
594 2413 718 2455 etiam
745 2412 864 2456 locos
890 2413 1065 2457 laudare
1083 2422 1270 2472 poterat;
1305 2415 1379 2458 sed
1404 2415 1506 2472 quid
1531 2415 1572 2459 bi
1601 2430 1748 2460 omnes
1774 2418 1827 2460 ad
1852 2426 1994 2462 nostra
2020 2418 2069 2470 ὃς
2087 2420 2176 2476 μέγ’

273 2482 441 2539 ἄριστος
467 2482 643 2541 Ἀχαιῶν
671 2485 834 2543 εὔχεται
864 2485 996 2539 εἶναι,
1029 2489 1183 2547 quibus
1215 2489 1267 2533 de
1299 2490 1369 2533 illa
1399 2490 1517 2535 Jovis
1538 2505 1640 2550 erga
1660 2493 2021 2550 Agamemnonem
2045 2495 2176 2541 bene-

273 2561 451 2606 volentia
483 2562 651 2613 siletur‚
693 2564 767 2608 sed
799 2565 939 2624 potius
980 2565 1032 2610 de
1062 2567 1392 2623 Agamemnonis
1425 2568 1578 2613 virtute
1613 2568 1902 2628 praedicatur,
1937 2572 2052 2631 quod
2084 2589 2179 2618 me·

274 2639 350 2681 lius
381 2640 423 2681 in
453 2639 657 2683 Achillem
690 2641 946 2698 quadraret?

388 2716 611 2759 Praeterea
643 2724 685 2760 et
716 2718 1011 2761 Lachmannus
1044 2727 1084 2762 et
1116 2732 1198 2777 ego
1229 2720 1548 2764 observavimus
1581 2721 1708 2766 duces
1737 2723 1780 2766 in
1813 2725 2019 2769 concione
2049 2740 2175 2785 pror-

270 2805 341 2834 sus
377 2791 479 2834 nihil
510 2806 659 2849 agere,
695 2794 814 2851 quasi
846 2794 1044 2838 callidum
1067 2797 1397 2852 Agamemnonis
1430 2798 1653 2842 consilium
1685 2813 1860 2858 prorsus
1889 2801 2172 2857 ignorassent.

271 2865 430 2911 Contra
451 2868 615 2912 monuit
636 2868 938 2930 Naegelsbach.
971 2887 1013 2929 p.
1036 2874 1150 2921 292.
1183 2871 1234 2915 id
1266 2872 1479 2930 quidem
1510 2888 1603 2932 per
1632 2889 1685 2918 se
1715 2877 1952 2933 quemvis
1982 2887 2175 2935 sponte

267 2942 514 3002 supplere
553 2943 763 3003 principes
805 2945 920 3004 ipsos
955 2946 1096 2992 subito
1135 2946 1325 3006 fugiendi
1354 2950 1514 3009 impetu
1545 2956 1783 2996 ceterorum
1821 2953 1942 3010 quasi
1973 2955 2176 3000 attonitos

266 3032 373 3063 esse.
416 3019 496 3062 Hic
516 3020 658 3075 igitur,
693 3028 735 3063 ut
758 3021 873 3073 alibi,
905 3021 1109 3081 jubemur
1130 3038 1180 3068 ea
1211 3024 1293 3084 ipsi
1314 3025 1541 3083 cogitando
1560 3026 1731 3078 addere.
1766 3044 1875 3088 quae
1896 3029 1968 3074 vel
1989 3031 2173 3076 maxime

265 3103 306 3139 et
338 3095 542 3141 vellemus
573 3104 611 3140 et
646 3096 895 3144 deberemus
928 3099 1074 3144 audire
1105 3102 1302 3158 exposita
1342 3115 1365 3144 a
1398 3109 1525 3160 poeta
1564 3104 1710 3161 epico.
1759 3120 1781 3149 a
1823 3105 1946 3165 cujus
1982 3106 2175 3165 simplice
