2464 3828
1039 258 1376 305 -15—

256 392 466 440 cernitur,
515 391 630 449 quod
661 406 729 435 res
769 406 897 451 saepe
929 407 1015 435 non
1046 401 1132 437 tam
1167 394 1287 452 ipsae
1326 393 1642 442 describantur,

258 467 360 508 alias
391 465 643 514 habuerint.
686 476 939 525 exponatur.
1000 469 1104 527 Ejus
1135 469 1302 526 generis
1332 476 1397 513 est
1426 469 1719 513 celeberrima.

1813 408 1942 451 quam
1986 396 2071 439 vim
2116 395 2161 438 iu

1834 470 2160 527 pulchritudinis

257 542 445 586 Helenae
483 542 754 587 adumbratio
791 559 846 587 ex
885 559 1033 588 senum
1071 544 1356 604 Trojanorum
1394 544 1703 597 admiratione?
1789 545 1875 589 ime
1913 544 2159 590 illustratae.

255 618 390 662 Stabit
420 620 569 676 igitur,
613 620 790 677 opinor,
840 629 984 664 nostra
1015 622 1224 665 sententia
1263 621 1454 665 diversae
1483 629 1631 666 senten
1651 623 1662 633 ‘
1693 613 1697 616 Α
1776 622 1787 632 ”

255 695 447 752 imperite
490 696 686 753 copulata
723 711 835 740 esse:
884 698 1075 742 versibus
1117 701 1373 741 111—115.
1425 700 1667 742 1314—14*
1705 714 1873 758 bugam,
1931 712 1973 742 v.
2020 700 2161 742 116-

260 772 342 813 129
388 770 546 814 bellum
590 771 746 829 juberi.
817 774 937 822 Jam,
989 773 1099 831 quid
1129 772 1211 817 sibi
1253 773 1436 818 voluerit
1465 773 1612 817 Zenod
1717 793 1756 824 ‚>
1784 775 2039 833 percipitur,
2089 774 2165 832 qui

258 861 295 888 v.
333 849 559 889 tto—119
590 849 672 891 hdc
702 849 832 891 modo
863 851 1096 893 contraxit:
1306 875 1309 878 ·

607 916 643 966 ὦ
672 925 789 979 φίλοι
818 922 952 981 ἥρωες
981 926 1167 979 Δαναοί,
1197 923 1458 983 θεράποντες
1477 865 1716 1128 Ἀρηιίἰξ

1704 1007 1783 1046 θαι

605 997 721 1055 λώβη
750 999 833 1056 γὰρ
862 999 961 1044 τάδε
989 999 1028 1056 γ’
1059 1002 1144 1045 ἐστὶ
1172 1002 1242 1045 καὶ
1272 1001 1534 1058 ἐσσομένοισι
1562 1019 1594 1046 π
1660 1061 1664 1071 2

603 1074 696 1131 μὰψ
726 1074 862 1128 οὕτως
892 1102 945 1109 -
1658 1092 1660 1094 ·

1773 1162 1878 1205 stat.
1929 1156 2041 1199 haud
2073 1156 2162 1199 scio

259 1242 313 1270 an
344 1228 471 1271 simili
500 1230 658 1274 nitatur
693 1230 745 1274 de
777 1232 1124 1285 Pisistrateorum'
1144 1232 1366 1276 hominum
1396 1246 1526 1290 opera
1558 1233 1630 1291 op'
1678 1233 1775 1282 oni,
1829 1248 1957 1290 quam
1990 1232 2162 1290 qualem

262 1318 338 1348 nos
375 1304 502 1349 hodie
531 1306 861 1350 Lachmanniani
891 1307 1168 1352 defendimus.
1199 1308 1309 1352 Illuc
1336 1309 1463 1352 etiam
1494 1322 1573 1367 per
1592 1309 1603 1320 '
1662 1315 1705 1359 t‚'
1736 1309 1853 1367 quod
1883 1309 2037 1368 legitur
2064 1310 2108 1353 in
2130 1311 2161 1353 L

262 1381 316 1424 ad
347 1396 384 1423 v.
420 1385 530 1425 141:
564 1376 690 1433 οὗτος
719 1380 743 1426 ὁ
773 1384 911 1439 στίχος
940 1381 1108 1446 ἀναιρεῖ
1138 1382 1217 1439 τὴν
1252 1381 1535 1440 ἀμφιβολίαν·
1567 1428 1569 1431 ,
1624 1381 1636 1397 “

259 1457 418 1502 Contra
449 1473 534 1502 non
566 1459 729 1509 dubito,
764 1460 865 1517 quin
896 1474 951 1503 ex
983 1459 1232 1504 Aristarcho
1262 1460 1358 1519 ipso
1388 1459 1560 1524 referat*

262 1531 315 1577 οὐ
334 1532 417 1590 γὰρ
438 1532 500 1577 ἐπ’
521 1532 722 1590 ἀληθείας
741 1534 902 1591 λέγεται
922 1533 1009 1578 ἀλλ’
1040 1533 1329 1592 ὑπερβολικῶς
1349 1534 1403 1579 τὰ
1424 1539 1511 1580 τῶν
1529 1528 1728 1585 δεκάδων
1741 1549 1752 1560 ·
1783 1534 1892 1592 πρὸς
1920 1538 1960 1579 τί
1989 1530 2070 1581 οὖν
2089 1534 2165 1592 ὅρ-

261 1625 354 1661 mou
376 1611 505 1654 Recte
515 1611 592 1677 ille
611 1611 839 1669 judicavit:
865 1626 1033 1655 versum
1050 1612 1226 1656 inseruit
1245 1613 1297 1662 is,
1317 1596 1542 1674 qui‘OEsJ'
1579 1628 1605 1655 v
1621 1610 1915 1667 ειηιοὍρκους
1929 1613 2167 1658 collocavit.

375 1689 706 1745 Agamemnonis
753 1689 938 1733 orationi
969 1703 1095 1733 nemo
1128 1688 1400 1741 contradicit;
1433 1622 1675 1761 εοέοοιιω
1705 1688 1896 1732 locutum
1927 1702 2031 1732 esse‘
2052 1688 2169 1732 arbi-

262 1766 355 1809 trati
393 1765 544 1809 Graeci
585 1765 638 1808 ad
676 1779 804 1809 naves
840 1773 1074 1824 properant
1119 1779 1278 1823 easque
1315 1766 1485 1813 nemim
1524 1766 1745 1809 resistente
1789 1765 1845 1809 ad
1883 1766 2169 1823 navigandum

263 1841 517 1899 expediunt;
551 1855 726 1884 securus
762 1841 882 1884 sedet
911 1842 1078 1899 Jupiter
1106 1843 1151 1884 iu
1182 1839 1392 1899 Olympo,
1414 1839 1606 1896 aschalis
1636 1842 1788 1898 suique
1819 1842 1986 1884 consilii
2015 1843 2168 1884 imme-

263 1931 381 1967 mor,
416 1924 464 1961 ut
491 1917 653 1961 reditus
686 1917 751 1961 vel
780 1913 1000 1973 ὑπέρμορα
1030 1917 1273 1967 accidisset,
1317 1910 1541 1975 niss'luno
1570 1917 1805 1960 Minervam
1836 1917 2061 1960 dimisisset
2090 1931 2171 1960 ex-

263 1994 441 2037 ercitum
472 2000 751 2042 retenturam,
789 1993 903 2051 quod
949 1993 1021 2036 illa
1052 2007 1130 2051 per
1159 1993 1327 2052 Ulixem
1341 1992 1626 2037 “efficiendum
1659 1999 1794 2036 curat.
1857 1994 1975 2036 Haec
2005 1994 2166 2043 omnia,

264 2071 299 2114 si
330 2070 384 2113 ab
414 2085 503 2114 uno
540 2069 777 2128 eodemque
818 2077 947 2128 poeta
977 2070 1160 2128 primum
1190 2077 1232 2114 et
1259 2057 1497 2114 secundum
1527 2068 1683 2113 librum
1714 2068 1869 2112 nedum
1900 2069 2030 2113 totius
2067 2069 2168 2113 llia-

1672 1384 1718 1427 ἒν
1755 1395 1866 1428 τισιν
1896 1383 1949 1429 οὐ
1979 1384 2162 1441 φέρεται.

264 2148 327 2192 dis
365 2148 685 2192 continuitatem
718 2146 897 2191 consilio
928 2155 971 2191 et
1001 2154 1092 2191 arte
1112 2147 1391 2207 compositam
1421 2153 1642 2205 putamus,
1676 2146 1936 2206 ineptissime
1967 2160 2060 2190 esse
2090 2161 2170 2191 ex-

264 2225 489 2286 cogitata„
507 2224 687 2282 quisque
719 2223 901 2274 videret,
943 2223 1023 2269 nisi
1060 2230 1147 2275 tam
1181 2222 1355 2269 difficile
1397 2230 1509 2268 esset
1540 2223 1711 2268 traditas
1741 2224 2061 2282 superstitiones
2092 2224 2170 2268 de-

262 2316 437 2361 ponere.
498 2300 581 2346 Sed
622 2301 785 2359 singula
818 2300 1047 2345 videamus.
1107 2300 1237 2354 Quod
1270 2301 1573 2358 Naegelsbach.
1604 2316 1647 2360 p.
1684 2303 1765 2345 145
1796 2307 1837 2345 et
1866 2314 1906 2358 p.
1943 2304 2019 2344 161
2054 2308 2168 2345 attu-

264 2379 313 2421 lit
344 2379 397 2421 ad
427 2378 722 2436 explicandam
756 2378 998 2435 principum
1023 2378 1239 2426 inertiam,
1274 2392 1348 2421 eos
1369 2377 1511 2422 subito
1536 2379 1747 2421 exercitus
1777 2378 1939 2435 impetu
1971 2377 2172 2436 abreptos

265 2462 307 2498 et
327 2455 450 2512 quasi
470 2454 670 2498 attonitos
686 2468 794 2503 esse,
816 2453 860 2497 id
868 2452 958 2512 iam
973 2453 1228 2498 Aristoteles
1247 2461 1474 2498 monuerat
1497 2479 1551 2487 —
1574 2453 1653 2497 vid.
1670 2453 1802 2497 schol.
1821 2451 1858 2496 B
1875 2453 1929 2497 ad
1950 2469 1990 2498 v.
2016 2456 2072 2498 ⁷3
2088 2469 2168 2497 —:

263 2528 582 2586 προληφθέντες
610 2534 703 2581 ταῖς
731 2526 839 2585 πρὸς
866 2526 1001 2574 αὐτὸν
1032 2526 1275 2586 ὁμολογίαις
1305 2527 1457 2574 ἄτοποι
1497 2526 1761 2585 εὑρίσκονται
1802 2527 1859 2586 μὴ
1890 2529 2075 2573 κωλυταὶ
2103 2545 2169 2586 γι-

263 2604 455 2664 νόμενοι,
487 2604 625 2664 ὥσπερ
657 2594 910 2658 συνέθεντο,
943 2603 1261 2664 συμπράκτορες
1295 2604 1342 2650 δὲ
1370 2608 1456 2650 τῶν
1495 2603 1754 2663 φευγόντων.
1785 2629 1840 2637 -
1880 2604 2038 2663 συνέβη
2068 2605 2116 2649 δὲ
2146 2605 2175 2649 ἃ

264 2682 375 2735 εἰκὸς
390 2677 480 2741 Δῆν,
511 2682 582 2727 διά
610 2698 654 2726 τε
682 2681 733 2727 τὸ
764 2680 897 2740 ὀργᾶν
925 2683 996 2725 καὶ
1023 2681 1074 2726 τὸ
1103 2682 1159 2739 μὴ
1196 2682 1353 2726 εἰδέναι
1392 2684 1429 2725 εἰ
1458 2681 1731 2737 ἀπεπειρᾶτο,
1763 2680 1956 2737 ἀσμένως
1992 2680 2176 2726 ἀκοῦσαι

263 2761 335 2805 καὶ
363 2758 535 2817 φθάσαι
564 2758 827 2810 ἀναστάντας
852 2761 957 2816 πρίν
984 2777 1082 2803 τινα
1109 2762 1169 2819 τῷ
1193 2756 1475 2816 Ἀγαμέμνονι
1503 2755 1726 2803 ἀπειπεῖν.
1779 2759 1863 2803 Sed
1895 2767 2037 2804 tamen
2068 2760 2175 2804 haec

267 2838 486 2882 excusatio
519 2852 624 2882 vana
655 2846 745 2887 est.
789 2838 973 2896 primum
1005 2836 1121 2896 quod
1154 2843 1302 2882 contra
1332 2837 1477 2895 epicae
1509 2836 1651 2895 poesis
1681 2835 1873 2880 indolem
1904 2836 2007 2881 nihil
2039 2836 2091 2881 de
2122 2851 2174 2881 ea

264 2929 311 2958 re
341 2910 459 2974 apud
487 2920 658 2974 poetam
688 2915 828 2973 ipsum
859 2914 1035 2971 legitur,
1078 2913 1232 2958 deinde
1272 2913 1386 2972 quod
1428 2926 1497 2956 res
1541 2912 1649 2957 adeo
1679 2913 1738 2957 ita
1770 2922 1990 2964 narratur,
2037 2921 2086 2959 ut
2114 2914 2176 2958 illi

265 2992 530 3035 excusationi
559 2991 817 3035 adversetur.
853 2992 962 3034 Nam
984 2998 1025 3034 et
1045 2992 1339 3048 Agamemnon
1359 2990 1598 3034 orationem
1629 2990 1688 3034 ita
1718 2990 1892 3040 claudit.
1925 2998 1974 3035 ut
2004 3005 2175 3035 omnem

265 3067 526 3112 deliberandi
556 3077 629 3113 aut
669 3068 930 3125 obloquendi
972 3077 1173 3113 conatum
1201 3068 1437 3127 reprimere
1473 3067 1689 3119 videatur,
1737 3083 1817 3112 nec
1849 3069 2002 3113 concio
2032 3077 2172 3113 tamen

1643 1459 1697 1503 ad
1729 1474 1768 1503 v.
1794 1463 1896 1504 124:
1929 1458 2163 1505 ἆθετεῑται·
2219 1463 2223 1467 ’
