2464 3828
299 425 387 465 tum
424 418 611 465 maxime
710 468 712 470 ,
760 421 789 467 8
809 419 1008 470 ostendit,
1040 418 1114 467 ubi
1142 420 1288 467 Ulixes
1310 418 1643 466 admirabundus
1663 417 1904 465 Nausicaae
1934 419 2050 470 dicit.
2085 427 2202 480 post-

300 507 428 552 quam
445 508 555 540 ·eam
585 509 671 541 uua
743 496 930 542 Dearum
962 509 1054 541 esse
1086 496 1291 556 conjecit:

586 570 682 627 Ἀρτ
743 576 747 578 ’
820 581 865 615 σε
896 570 1050 626 ἔγωγε,
1080 570 1191 622 Διὸς
1218 570 1353 629 κούρῃ
1387 569 1602 627 μεγάλοιο,

588 643 730 697 εἶδός
798 661 818 689 ε
854 644 1084 702 μέγεθός
1119 662 1171 691 τε
1211 645 1358 703 φυήν
1394 645 1430 691 τ’
1472 645 1697 704 ἄγχιστα
1740 645 1909 690 ἐΐσκω.

300 719 429 765 Hunc
456 723 594 779 ipsum
626 722 725 766 locu
790 729 919 781 patet
940 724 1085 767 male
1072 739 1116 768 ιιι
1138 739 1257 768 suam
1283 739 1373 768 rem
1394 724 1657 768 transtulisse
1678 724 1971 767 centenarium
1993 730 2198 766 nostrum.

414 798 461 841 V.
494 801 550 841 59
581 799 749 843 initium
789 860 792 864 ι
833 814 911 857 pra
947 815 1002 844 ex
1032 815 1072 844 v.
1105 804 1183 850 20,
1232 801 1466 845 clausulam
1504 815 1560 844 ex
1595 802 1651 849 H,
1676 803 1732 844 46
1772 806 1814 843 et
1850 800 1943 843 aliis
1981 799 2087 843 locis
2127 798 2200 841 de·

298 873 526 931 prompsit;
562 887 604 919 v.
637 878 693 920 60
782 930 790 948 Δ,
842 889 898 921 ex
930 890 966 920 v.
1000 878 1173 922 23-33
1203 876 1393 934 integros
1424 876 1605 934 repetiit.

412 950 459 994 V.
498 953 549 994 71
599 966 746 997 rursus
846 953 1061 997 noscimus
1107 952 1366 998 tessellatum
1415 955 1550 999 nostri
1598 968 1722 1012 opus.
1792 953 1901 997 Initii
1942 950 2097 997 fundus
2138 960 2201 995 est

296 1028 333 1077 λ,
364 1028 448 1068 222
478 1025 590 1082 ψυχὴ
621 1024 658 1069 δ’
792 1026 976 1085 ὄνειρος
1006 1026 1280 1084 ἀποπταμένη
1311 1036 1353 1073 et
1382 1028 1499 1088 ᾤχετ’
1531 1032 1588 1079 Ν,
1612 1034 1696 1074 505
1729 1037 1856 1087 atque
1877 1029 2010 1072 alibi
1998 1044 2040 1072 ιιι
2062 1030 2197 1087 prima

296 1102 395 1144 sede
426 1104 624 1159 positum.
673 1106 720 1147 Ιιι
751 1086 943 1152 cffiusula
973 1105 1199 1162 conjunxit
1229 1120 1339 1162 quae
1369 1120 1500 1164 supra
1533 1121 1569 1148 v.
1592 1109 1649 1149 34
1679 1107 1897 1160 μελίφρων
1925 1103 2061 1154 ὕπνος
2090 1101 2199 1159 ἀνήῃ

296 1178 484 1236 legerat,
521 1187 562 1224 et
592 1194 702 1237 quae
732 1171 894 1231 Αίδίθ
925 1178 1084 1237 γλυκυς
1111 1179 1247 1232 ὕπνος
1277 1178 1417 1225 ικάνοι
1447 1189 1489 1226 et
1525 1184 1580 1230 Ψ,
1604 1183 1690 1225 232
1720 1178 1880 1236 γλυκὺς
1907 1178 2044 1231 ὕπνος
2072 1177 2196 1234 ὄρου-

295 1263 379 1296 σεν.
439 1256 493 1299 Et
523 1256 772 1300 meminerat
802 1252 959 1312 ἒνῆκεν
988 1258 1159 1316 saepius
1190 1265 1237 1301 ut
1269 1260 1319 1305 Ζ,
1345 1261 1428 1301 256
1458 1258 1501 1300 iu
1533 1256 1617 1300 fine
1648 1270 1794 1300 versus
1826 1256 1921 1314 legi.

411 1329 460 1374 V.
497 1334 553 1375 72
584 1332 780 1388 ejusdem
803 1321 867 1378 est
889 1334 1081 1391 generis.
1111 1331 1197 1376 ἀλλ’
1229 1330 1338 1388 ἄγετ’
1369 1337 1423 1382 Ε,
1447 1336 1533 1376 469
1565 1341 1605 1376 et
1637 1333 1754 1381 alibi.
1788 1333 1838 1375 αἴ
1861 1331 1935 1375 κέν
1951 1346 2042 1382 πως
2065 1337 2118 1381 Α,
2142 1335 2197 1375 66

296 1415 337 1449 et
367 1408 491 1456 alibi,
539 1408 788 1464 θωρηξομαι
819 1410 970 1461 eodem
1001 1425 1147 1453 versus
1179 1411 1277 1454 loco
1299 1413 1356 1461 H,
1383 1415 1479 1454 101.
1518 1413 1569 1459 Θ,
1589 1413 1687 1453 376.
1727 1413 1773 1461 Τ,
1795 1413 1851 1452 23
1883 1410 2059 1466 legitur,
2103 1406 2200 1457 υἷας

293 1481 469 1538 Ἀχαιῶν
499 1500 627 1543 saepe
659 1501 805 1529 versus
836 1469 1006 1530 claudit.

413 1562 462 1604 V.
495 1565 565 1605 73.
632 1562 722 1605 Vid.
747 1565 790 1615 ζ,
828 1547 910 1605 126
930 1559 1019 1605 ἀλλ’
1046 1559 1110 1617 ἄγ’
1132 1560 1243 1618 ἐγών
1268 1559 1399 1613 αὐτὸς
1422 1560 1686 1619 πειρήσομαι,
1719 1571 1759 1607 et
1779 1564 1946 1622 saepius
1967 1563 2080 1606 idem
2101 1577 2197 1606 ver-

298 1639 399 1682 bum
426 1639 574 1683 eodem
601 1640 643 1682 in
665 1639 773 1696 pede
800 1638 966 1696 legitur.
1017 1640 1126 1684 Tum
1152 1639 1383 1684 clausulam
1405 1637 1435 1696 ἢ
1458 1638 1582 1694 θέμις
1603 1638 1716 1683 ἐστίν
1736 1641 1910 1698 petitam
1933 1654 1987 1684 ex
2015 1642 2074 1689 Ψ,
2098 1642 2196 1684 581.

298 1716 353 1766 Ω,
375 1716 476 1763 652,
509 1729 550 1769 γ,
575 1715 642 1757 Ιι5.
673 1716 713 1763 λ,
753 1716 830 1757 451
868 1713 936 1757 bic
965 1713 1141 1774 quidem
1172 1728 1301 1758 sensu
1332 1728 1476 1758 carere
1501 1714 1591 1773 jam
1623 1714 1918 1758 Lachmannus
1950 1714 2083 1762 dixit.
2129 1715 2197 1757 cui

296 1791 485 1849 imperite
521 1789 743 1833 oblocutus
786 1797 849 1833 est
890 1787 1137 1834 Hoffmann.
1170 1790 1197 1833 Ι.
1230 1805 1267 1834 c.
1302 1806 1343 1850 p.
1377 1794 1484 1840 200,
1527 1805 1614 1834 non
1653 1791 1707 1834 ad
1743 1789 1993 1848 πειρήσομαι
2033 1791 2108 1834 sed
2144 1791 2196 1834 ad

294 1870 437 1920 πρῶτα
467 1864 504 1909 δ’
534 1864 642 1920 ἐγών
670 1867 785 1909 illam
817 1861 1052 1922 formulam¹
1066 1867 1334 1910 referendam
1367 1881 1475 1916 esse.
1510 1882 1593 1924 qua
1622 1867 1725 1924 quid
1754 1882 1920 1911 summo
1949 1869 2197 1925 imperatori

295 1941 530 1985 faciendum
567 1947 701 1989 esset.
735 1941 1006 1985 indicaretur.
1042 1928 1226 2002 “Verum
1260 1957 1316 1985 ex
1347 1942 1558 1986 constanti
1588 1957 1694 1991 usu,
1735 1957 1861 2000 quem
1894 1958 1948 1986 ex
1978 1943 2059 1986 illis
2092 1942 2195 1986 locis

294 2033 541 2075 cognoscas,
575 2034 624 2061 ea
647 2018 828 2061 formula
851 2018 902 2061 ad
925 2026 1060 2062 totum
1083 2008 1321 2063 membrum
1343 2019 1525 2076 pertinet
1554 2019 1698 2076 itaque
1725 2019 1764 2062 h.
1788 2019 1824 2062 Ι.»
1847 2019 1908 2062 fas
1930 2035 2023 2063 esse
2043 2021 2194 2067 innuit,

294 2105 340 2140 ut
369 2099 631 2153 Agamemno
661 2110 829 2153 semper
860 2094 1095 2139 exercitum
1126 2093 1312 2153 primum
1345 2093 1485 2139 verbis
1521 2101 1668 2143 tentet,
1701 2103 1844 2139 utrum
1875 2111 2067 2153 pugnare
2097 2095 2197 2139 velit

294 2174 446 2216 necne!
512 2171 858 2215 Obscuraverunt
897 2170 1190 2214 difficultatem
1206 2154 1490 2214 *Baeumleim
1523 2186 1564 2229 p.
1596 2174 1705 2214 331:
1750 2175 1986 2228 »Uebriqens
2010 2174 2130 2228 findet
2158 2187 2198 2215 es

293 2251 555 2306 Ayamemnon
595 2251 648 2291 in
688 2250 930 2303 ordnung]
970 2250 1076 2291 und
1110 2250 1275 2298 recht,
1314 2248 1402 2303 dost
1430 2249 1499 2291 der
1531 2249 1800 2304 Oberfeldherr
1828 2251 1931 2292 scine
1964 2249 2193 2304 Umeryebe-

292 2342 365 2369 nen
394 2329 470 2380 auf
493 2328 551 2367 die
581 2327 707 2367 Probe
734 2328 888 2373 stelle,·«
932 2330 975 2367 et
1005 2324 1308 2380 Naegelsbach.
1344 2338 1390 2381 p.
1430 2326 1537 2367 1103:
1587 2324 1782 2380 »(A9am.)
1809 2327 1958 2379 spriche
1991 2329 2063 2368 das
2096 2329 2192 2368 Vor-

292 2394 424 2446 haben*
444 2418 541 2450 aus,
576 2404 647 2443 den
675 2404 932 2456 Kampsmutk
961 2404 1026 2443 des
1057 2405 1214 2447 umes.
1256 2416 1358 2443 was
1387 2402 1471 2442 ein
1496 2402 1652 2444 Recht
1680 2403 1761 2443 des
1790 2403 2065 2445 Feldherrn
2092 2419 2191 2458 σου,

293 2482 414 2525 durch
444 2480 516 2522 dem
543 2481 756 2522 verstellten
784 2481 890 2522 Rath
919 2492 972 2521 zu
1000 2480 1188 2522 schneller
1218 2478 1425 2522 Heimkehr
1454 2479 1530 2532 aus
1551 2478 1612 2521 die
1640 2479 1768 2521 Probe
1799 2492 1852 2522 zu
1879 2480 2050 2522 stellen.“

408 2556 457 2600 V.
494 2555 552 2599 ’14
581 2569 635 2599 ex
666 2568 702 2598 v.
739 2556 821 2600 175
854 2562 895 2599 et
927 2552 1099 2599 aliunde
1130 2553 1294 2599 ductus.

407 2634 457 2676 V.
479 2635 533 2677 75
565 2632 711 2676 tertius
733 2632 851 2676 locus
872 2638 952 2680 est.
987 2632 1077 2690 qui,
1111 2644 1238 2688 quam
1271 2630 1454 2674 absurde
1475 2631 1713 2676 Homericis
1733 2629 1891 2676 abusus
1914 2632 1967 2676 sit
1987 2628 2201 2683 imitator·‚‘

295 2716 439 2767 aperte
460 2708 652 2752 ostendit.
686 2708 895 2759 Quoniam
918 2709 1030 2751 enim
1049 2708 1115 2751 hic
1132 2722 1273 2753 sermo
1299 2713 1364 2750 est
1385 2706 1437 2749 de
1459 2708 1681 2756 concione,
1707 2707 1751 2751 in
1772 2721 1855 2765 qua
1875 2696 2015 2753 media
2034 2715 2193 2752 stantes

292 2794 484 2830 oratores
514 2785 666 2841 singuli
697 2785 892 2841 deinceps
924 2786 1066 2829 dicere
1086 2784 1248 2832 solent,
1296 2798 1473 2843 prorsus
1504 2784 1712 2828 absonum
1743 2793 1805 2828 est
1834 2783 2020 2828 ἄλλοθεν
2048 2783 2191 2836 ἄλλος,

291 2861 445 2919 quibus
466 2860 605 2905 verbis
626 2863 915 2917 Agamemnon
937 2861 1065 2905 duces
1085 2860 1258 2918 juberet
1278 2860 1449 2904 solitum
1469 2861 1634 2906 dicendi
1649 2860 1842 2904 ordinem
1859 2852 2079 2905 et'morem
2092 2875 2193 2920 per·

291 2937 474 2983 turbare.
505 2937 594 2982 Nec
611 2938 840 2995 quidquam
858 2938 1030 2996 prodest
1046 2937 1181 2982 Curtii
1197 2937 1421 2988 sententia,
1441 2938 1571 2995 quiin
1589 2937 1740 2982 Pbilol.
1753 2937 1781 2981 l.
1794 2953 1831 2982 c.
1854 2953 1898 2997 p.
1918 2941 1987 2988 11,
2005 2953 2059 2982 ne
2076 2937 2193 2998 Aga-

289 3029 489 3059 memnon
520 3012 721 3071 superbia
752 3014 1037 3071 vincendique
1069 3028 1148 3074 spe
1185 3014 1425 3058 certissima.
1449 3014 1583 3059 elatus
1613 3014 1827 3059 videretur
1854 3015 2067 3059 infelicem
2097 3022 2193 3059 ten-

288 3091 459 3138 tationis
491 3098 688 3136 eventum
721 3091 985 3150 praesagire,
1019 3106 1105 3137 non
1138 3087 1286 3143 λαούς,
1318 3089 1391 3136 sed
1423 3088 1492 3147 ἐμὲ
1523 3091 1575 3137 ad
1608 3088 1797 3149 ἐρητύειν
1828 3092 2085 3151 cogitatione
2117 3091 2193 3137 ad-
