2464 3828
1691 442 1705 498 ᾗ
1770 477 1780 487 .
1811 460 1853 503 p.
1884 448 1994 495 244,
2037 444 2154 502 quod

257 525 431 566 miratus
462 538 555 566 sum
588 539 674 567 non
703 523 1064 580 Agamemnonem
1095 530 1168 565 aut
1196 523 1387 572 Ulixem,
1429 521 1508 565 'sed
1538 518 1714 568 Thersi
1804 522 1986 578 primum
2015 521 2151 577 loqui.

258 599 384 643 Hunc
422 600 556 649 enim,
604 599 752 643 ceteris
773 598 913 643 ‘sedes
945 613 1043 643 suas
1079 597 1366 656 repetentibus
1382 630 1393 648 ,
1439 598 1566 642 etiam
1606 586 1689 659 tuf
1760 595 1938 640 ontinuo
1969 595 2154 640 clamare

260 672 334 729 (ἔτι
362 676 523 730 μοῦνος
550 699 603 706 -
634 671 794 733 ἐκολῴα
825 689 865 717 v.
901 673 1025 729 212),
1074 687 1156 717 nec
1193 672 1312 731 prius
1347 672 1514 717 Ulixem
1557 687 1609 717 co
1649 682 1652 684 ’
1710 672 1775 716 nis
1813 671 1980 715 initium
2016 670 2154 715 facere

258 765 408 810 posse,
458 765 583 809 quam
621 751 682 794 illi
716 751 927 795 silentium
956 750 1218 809 imposuerit.
1280 749 1406 804 Quod
1437 757 1578 793 autem
1615 800 1620 803 ,
1673 745 1821 793 ¹ersitcs
1853 763 1941 792 non
1972 747 2154 797 Ulixem,

259 829 332 884 qui
361 834 503 870 tamen
532 828 649 876 solus
680 828 914 870 exercitum
946 827 1200 874 reduxerat,
1245 815 1503 883 quamquam
1534 834 1575 868 et
1602 835 1605 836 ’
1686 817 1736 869 ὀι
1765 824 1924 868 Achilli
1952 825 2158 867 inimicis-

258 904 389 945 simus
419 903 549 947 fuisse
578 903 732 946 dicitur
754 929 807 935 —
830 910 872 946 et
903 903 981 946 rite
1013 901 1205 959 quidem,
1240 902 1401 959 quippe
1421 909 1462 944 et
1491 901 1590 944 facu
1619 891 1621 893 i
1708 901 1793 944 imo
1824 902 2159 959 sapientissimo·

261 993 345 1036 que
385 978 632 1036 insipienter
669 973 1013 1037 loquacissimum
1051 985 1093 1022 et
1123 963 1409 1037 pulcherrimo
1447 976 1623 1022 fortissi
1681 991 1764 1035 que
1800 977 2087 1035 turpissimum
2116 985 2160 1021 et

260 1053 576 1111 ignavissimum
598 1054 781 1098 maxime
801 1054 1086 1098 adversarium
1113 1067 1206 1098 esse
1236 1052 1413 1097 decebat
1437 1077 1512 1103 ——,
1545 1045 2029 1112 sed'gAgamemnonem,
2061 1052 2158 1097 licet

261 1129 296 1172 is
328 1128 470 1187 fugam
502 1130 613 1173 serio
633 1130 864 1189 imperasse
885 1129 1096 1180 videatur,
1145 1129 1347 1179 conviciis
1377 1136 1551 1180 ouera13
1595 1100 1711 1190 qim
1743 1129 1959 1172 avaritiam
1991 1136 2033 1172 et
2062 1128 2158 1171 libi-

263 1206 402 1248 dinem
434 1208 473 1248 ei
502 1206 760 1263 exprobrat,
810 1206 930 1264 cujus
961 1207 1200 1264 explendae
1235 1207 1471 1249 exercitum
1503 1194 1624 1248 ιιιειΓ
1683 1205 1830 1255 bruat;
1865 1205 1981 1262 quod
2012 1206 2160 1248 relicto

262 1282 584 1339 Agamemnone
630 1290 793 1326 ceteros
840 1283 979 1326 redire
1022 1284 1184 1343 juben·
1211 1284 1316 1326 baec
1358 1283 1499 1327 omnia
1544 1274 1600 1326 c*
1687 1282 2032 1326 antecedentibus
2077 1298 2166 1325 nou>

267 1358 506 1415 quadrare,
551 1366 592 1403 et
621 1366 712 1403 tum
743 1367 901 1403 tantum
935 1358 1042 1404 bene
1072 1359 1250 1409 habere,
1284 1360 1319 1403 si
1351 1351 1569 1418 disertam?
1617 1360 1910 1416 gamemnouis
1942 1358 1995 1403 ad
2026 1367 2162 1403 certa-

266 1447 362 1477 men
395 1433 731 1479 adhortationem
761 1436 1000 1494 excipiant,
1033 1435 1077 1480 id
1108 1436 1349 1480 etiamnunc
1379 1441 1506 1479 conte

1609 1466 1621 1485 ,
1669 1448 1748 1479 uec
1777 1434 1993 1479 infirmare
2023 1435 2161 1494 potuit

264 1510 567 1568 Naegelsbach.
598 1527 639 1569 p.
663 1515 746 1555 294
777 1512 863 1555 his:
898 1514 994 1555 »Δις
1023 1514 1071 1555 ob
1100 1513 1441 1568 nichtOdymw.
1474 1502 1606 1562 cufim
1634 1525 1677 1553 er
1706 1513 1799 1566 dies-3
1829 1514 1992 1566 qethan,
2021 1514 2166 1554 sowohl

263 1590 335 1630 aen
363 1590 535 1631 famen
563 1592 624 1631 01⁸
652 1591 735 1632 dem
768 1592 877 1632 1⁷01!ae
903 1592 1118 1645 qeqeniibor
1146 1592 1223 1644 auf
1245 1592 1316 1632 den
1348 1590 1478 1644 Komq
1493 1579 1761 1648 jamiam
1789 1591 1872 1631 una
1899 1590 2031 1631 dassen
2062 1591 2163 1634 Wa-

264 1667 324 1707 len
363 1667 480 1707 allein
514 1667 584 1720 fiir
624 1668 896 1721 maassqebend
931 1668 1078 1709 erklc‘t'rt
1115 1668 1241 1715 Ιιὰῖεε,
1278 1681 1323 1708 so
1358 1668 1444 1721 defit
1492 1676 1520 1707 ·.
1549 1680 1625 1708 aus
1658 1667 1867 1720 Odysmoe’
1900 1667 2060 1710 Wartcn
2087 1668 2170 1708 und

264 1743 524 1797 Handlunqm
554 1744 683 1797 jedem
697 1773 709 1792 ,
757 1745 859 1786 auch
898 1744 982 1785 dem
1023 1744 1237 1792 ster-sites,
1282 1744 1369 1785 klar
1408 1679 1558 1788 angen
1591 1743 1716 1797 mass,
1762 1743 1823 1784 die
1851 1744 2071 1797 Hemmunq
2101 1744 2170 1785 der

266 1817 405 1860 Huckt
432 1818 516 1861 und
543 1819 615 1861 das
643 1819 803 1861 Bleiben
839 1832 905 1874 sey
939 1819 1051 1865 Wille
1078 1819 1144 1864 des
1176 1808 1459 1876 Oberkdniqs,'³
1481 1820 1555 1863 mit
1582 1820 1760 1862 welchem
1798 1820 1858 1862 die
1887 1819 2058 1862 Fit'rsten
2087 1820 2169 1862 ein-

265 1896 493 1936 verstanden
521 1907 678 1949 nyma
738 1893 914 1936 Praeter
942 1894 1002 1942 id,
1037 1894 1154 1952 quod
1184 1894 1314 1938 modo
1344 1894 1448 1948 dixi,
1481 1908 1628 1938 omnes
1659 1895 1796 1953 ipsam
1827 1895 1938 1953 regis
1970 1894 2169 1938 volunta-

270 1978 353 2012 tem
388 1972 564 2027 exsequi
602 1970 680 2013 sibi
723 1971 835 2013 visos
875 1984 990 2019 esse,
1041 1985 1166 2028 quam
1208 1970 1261 2013 ab
1299 1957 1594 2023 eo·'‘'inutatam
1633 1985 1725 2013 esse
1765 1986 1805 2013 v.
1842 1973 1974 2012 203-
1989 1973 2074 2013 205
2113 1970 2165 2012 ab

268 2046 391 2091 Ulixe
419 2045 597 2089 iudicari
627 2046 752 2089 nullis
784 2046 986 2089 machinis
1017 2048 1114 2104 cogi
1142 2033 1336 2105 potest,'³⁷
1358 2046 1514 2092 oblitus
1545 2053 1607 2089 est
1635 2045 2016 2103 Naegelsbachius,
2053 2046 2170 2104 quod

269 2124 361 2181 ipse
391 2137 434 2180 p.
464 2126 545 2165 162
575 2124 807 2165 rectissime
836 2123 1020 2171 monuit,
1053 2136 1140 2166 non
1161 2133 1334 2172 omnes,
1368 2123 1442 2165 sed
1464 2130 1626 2166 tantum
1649 2122 1997 2165 clamosissimum
2019 2136 2168 2179 quem-

268 2214 351 2256 que
383 2198 436 2241 ab
474 2198 596 2243 Ulixe
635 2198 867 2256 objurgari.
933 2198 1164 2251 Quomodo
1201 2199 1329 2256 igitur
1367 2213 1551 2241 omnes
1592 2198 1785 2254 singuli
1820 2199 1929 2241 scire
1972 2206 2168 2256 poterant

267 2275 330 2330 id,
372 2275 513 2334 quod,
562 2275 596 2326 si
627 2289 774 2320 verum
803 2275 1005 2325 fatemur,
1053 2261 1201 2334 paucis
1233 2289 1382 2320 eorum
1415 2290 1501 2321 non
1533 2275 1640 2320 dixit
1669 2290 1716 2320 re
1746 2288 1850 2320 vera
1880 2274 2049 2325 Ulixes,
2094 2274 2166 2320 sed

268 2352 580 2413 conjiciendum
625 2352 712 2398 sive
752 2351 997 2411 fingendum
1038 2351 1233 2411 reliquit?
1292 2350 1351 2397 At
1392 2351 1459 2397 vel
1497 2366 1738 2403 sumamus,
1788 2366 2047 2411 quamquam
2078 2351 2170 2397 fieri

269 2430 437 2488 nequit,
486 2443 633 2473 omnes
673 2443 728 2473 ex
768 2429 900 2474 Ulixis
941 2417 1080 2474 verbis
1111 2430 1362 2487 cognovisse
1402 2429 1548 2488 fugam
1589 2429 1805 2474 voluntate
1835 2426 2167 2486 Agamemnonis

269 2507 322 2550 ab
354 2521 407 2550 eo
437 2506 651 2550 inhibitam
683 2520 798 2555 esse,
846 2520 901 2549 ne
940 2514 1029 2550 tum
1069 2505 1238 2563 quidem
1277 2507 1472 2564 apposita
1509 2514 1573 2550 est
1603 2506 1818 2549 Thersitae
1860 2506 2015 2549 oratio.
2077 2504 2171 2548 lmo

269 2586 352 2627 hoc
380 2584 470 2626 sere
500 2583 629 2626 modo
661 2582 848 2625 exordiri
879 2582 1084 2625 debebat:
1124 2583 1441 2638 »Agamemuo‚
1488 2590 1535 2625 tu
1565 2597 1610 2625 es
1641 2582 1988 2624 mendacissimus
2019 2590 2061 2624 et
2090 2583 2172 2624 im-

194 2706 197 2711 ,
268 2659 597 2718 pudentissimas
628 2658 893 2702 mortaliumz
938 2658 1068 2702 modo
1107 2658 1219 2701 enim
1258 2657 1312 2701 ad
1349 2658 1593 2714 fugiendum
1632 2657 1822 2700 hortatus
1862 2672 1933 2707 eS,
1983 2665 2025 2700 et
2058 2673 2172 2700 nunc

269 2743 346 2781 tuo
371 2736 493 2795 jussu
525 2742 721 2794 parentes
757 2736 895 2779 socios
936 2724 1136 2780 conviciis
1172 2740 1218 2779 >et
1259 2733 1505 2779 verberibus
1535 2738 1614 2792 per
1643 2734 1955 2792 paratissimum
1986 2733 2172 2778 fallacia-

271 2827 366 2859 rum
396 2812 726 2856 machinatorem
757 2810 1035 2855 retrahendos
1075 2824 1209 2854 curas.
1272 2809 1476 2854 Ludibrio
1507 2810 1703 2869 profecto
1739 2809 1871 2853 habes
1904 2809 2014 2853 lilios
2045 2810 2173 2854 Achi-

273 2901 451 2933 vorum:
621 2881 657 2931 ὦ
684 2884 880 2941 πέπονες,
910 2883 1002 2930 κάκ’
1034 2882 1195 2943 ἐλέγχε’,
1225 2882 1442 2943 Ἀχαιίδες,
1474 2883 1609 2929 οὐκέτ’
1637 2882 1819 2942 Ἀχαιοί,

617 2957 647 3020 ἦ
674 2962 757 3020 γὰρ
787 2962 843 3007 ἄν
856 2998 868 3016 ,
896 2960 1105 3021 Ἀτρείδη,
1134 2965 1218 3007 νῦν
1245 2962 1403 3007 ὕστατα
1433 2962 1690 3019 λωβήσαιο.«

268 3044 406 3087 Etiam
436 3044 510 3086 has
542 3042 804 3086 difficultates
836 3057 921 3085 non
951 3042 1123 3085 latuisse
1154 3042 1351 3100 antiquos
1387 3055 1444 3084 ex
1475 3056 1527 3085 eo
1560 3041 1767 3099 suspicari
1798 3040 1910 3089 licet,
1946 3040 2062 3098 quod
2091 3042 2169 3083 ze-

270 3118 455 3165 nodotus
486 3135 525 3164 v.
561 3120 793 3164 220-224
823 3133 903 3178 pro
934 3116 1166 3163 subditiciis
1203 3117 1365 3163 babuit.

387 3196 437 3241 ln
467 3196 599 3241 Ulixis
630 3196 684 3240 ad
715 3195 948 3240 Thersitam
970 3195 1162 3240 oratione
1192 3209 1231 3240 v.
1255 3196 1339 3239 252
1350 3195 1488 3239 -256
1512 3194 1688 3239 athetesi
1720 3192 2012 3253 subjacebant,
2046 3205 2173 3249 quam
