2464 3828
282 374 377 432 pius
419 371 594 421 accidit.
642 381 688 416 ut
731 372 869 416 eidem
914 379 1070 431 poetae
1111 371 1242 417 modo
1277 372 1495 430 antiquam
1568 422 1571 424 ,
1606 390 1646 406 ¹·
1713 363 1718 367 ’

281 448 412 493 modo
450 458 625 507 argutae
663 448 906 493 subtilitatis
945 455 1107 492 secreta
1145 448 1322 498 consilia
1349 446 1683 496 adscriberent.
1726 444 1731 459 ²
1796 479 1802 484 .
1849 446 1954 490 duas
1991 463 2059 492 res
2090 462 2182 492 esse

282 525 464 568 adverso
504 526 643 569 fronte
679 527 789 568 inter
824 540 871 567 se
909 532 1147 582 pugnantes
1181 524 1315 568 cuivis
1343 529 1473 593 patet.
1531 522 1598 568 Ad
1650 545 1684 561 ιε
1772 535 1831 566 m
1863 522 2005 567 locum
2034 523 2179 573 redeo.

284 601 406 660 cujus
436 603 563 646 etiam
593 617 632 645 v.
664 604 748 644 239
779 602 863 644 huc
891 597 1098 659 pertinet:
1146 598 1195 652 ὃς
1222 598 1295 644 καὶ
1321 600 1406 644 νῦν
1433 600 1602 659 saepius
1658 625 1670 653 ⁴,
1722 617 1756 638 ἰ
1780 598 1963 658 legitur,
1997 606 2039 643 et
2069 598 2182 644 clau-

283 677 375 721 sula
405 692 460 721 ex
491 679 547 727 11,
583 680 661 721 111
697 679 771 721 σεῦ
802 674 996 732 ἀμείνονι
1023 676 1134 733 φωτί
1161 675 1247 722 huc
1275 676 1454 721 transiit.
1501 675 1580 721 Cet
1647 723 1651 725 ,
1730 676 1794 721 his
1822 675 2016 722 versibus
2047 676 2185 719 omni·

282 754 363 798 bus
395 755 436 809 (3
466 769 532 812 sq.
568 756 706 798 239—
715 755 814 808 242)
854 760 1018 798 tantum
1056 767 1199 798 rerum
1243 751 1353 797 libro
1389 751 1531 812 primo
1568 773 1656 815 221
1733 766 1775 797 m
1803 752 1938 797 levem
1971 751 2186 811 quandam

282 819 473 874 notitiam
505 830 730 881 contineri,
764 836 849 874 non
881 830 993 874 hunc
1022 831 1162 889 ipsum
1192 843 1289 874 cum
1330 818 1466 874 altero
1501 843 1546 873 n·
1593 849 1618 867 ι.
1639 826 1655 845 ⁵
1695 858 1702 867 ·
2159 829 2184 839 '⁶

283 905 491 951 viderunt.

1851 372 2161 431 simplicitatem
2172 403 2184 421 ,

281 1073 391 1115 quae
426 1073 493 1101 res
518 1059 608 1117 jam
640 1066 803 1102 veteres
839 1059 1074 1115 permovit,
1108 1066 1154 1102 ut
1185 1058 1398 1116 duplicem
1427 1055 1554 1106 λύσιν
1581 1067 1598 1103 ι
1699 1067 1814 1109 rent,
1849 1066 1895 1103 ut
1925 1067 1998 1103 ant
2027 1055 2182 1102 καθεύ-

282 1136 374 1178 δειν
404 1134 685 1191 intelligerent
704 1133 772 1177 ἐπὶ
790 1136 916 1189 ψιλῆς
935 1130 1202 1187 ἄνακλίσεως,
1234 1133 1595 1191 quemadmodum
1691 1137 1777 1179 325
1807 1131 2000 1186 ἀΰπνους
2028 1131 2186 1185 νύκτας

281 1212 410 1254 ἴαυον
449 1210 633 1260 dicatur,
686 1217 758 1254 aut
786 1211 937 1254 Iovem
968 1216 1168 1268 putarent
1199 1209 1449 1255 dormivisse
1488 1224 1576 1254 non
1613 1210 1626 1268 J
1675 1204 1678 1207 ’
1746 1209 1757 1225 ’
1863 1207 1870 1211 ’

282 1283 344 1330 ἐπ’
386 1284 543 1342 ὀλίγον.
617 1287 737 1331 Hane
774 1287 1023 1330 sententiam
1061 1286 1289 1343 amplexus
1321 1294 1386 1330 est
1427 1288 1493 1330 Na
1559 1339 1561 1342 Α
1607 1279 1615 1285 ’

285 1378 386 1407 cans
427 1363 481 1407 ad
519 1365 557 1417 1,
588 1366 674 1407 '113
717 1363 815 1406 coll.
854 1364 919 1413 Κ,
963 1364 1077 1406 1-4
1118 1362 1251 1420 (qnod
1298 1368 1368 1422 est¹
1407 1362 1492 1406 Dol
1560 1349 1570 1356 ὦ

283 1442 373 1499 (qui
402 1441 522 1484 locus
552 1448 596 1483 et
623 1441 715 1498 ipse
746 1446 969 1498 suspectus
999 1446 1078 1486 est,
1111 1438 1186 1482 sed
1216 1452 1305 1482 non
1334 1439 1493 1497 poterit
1597 1453 1644 1481 er
1674 1438 1913 1496 dijudicari,
1948 1440 2029 1483 nisi
2057 1440 2185 1483 totius

283 1517 501 1574 Odysseae
546 1530 754 1573 compage
798 1516 841 1558 in
888 1528 1067 1558 examen
1109 1516 1287 1571 vocata).
1351 1511 1527 1575 Vertnn'¹
1586 1528 1611 1557 e
1647 1514 1727 1558 hac
1766 1528 1813 1557 re
1852 1514 2046 1559 altercari
2083 1515 2186 1558 nihil

283 1592 486 1651 prodest:
519 1592 762 1649 quicunque
793 1591 903 1634 enim
931 1590 1299 1649 persuasissimum
1329 1589 1411 1634 sibi
1438 1589 1466 1634 h
1502 1642 1510 1653 -.
1550 1597 1566 1634 t
1596 1589 1650 1633 de
1679 1597 1887 1649 perpetua
1917 1590 2062 1634 Iliadis
2091 1592 2188 1633 uni-

284 1677 396 1718 tate,
430 1667 644 1726 ejusmodi
673 1667 859 1710 minutiis
890 1667 1141 1709 sententiam
1171 1679 1292 1710 snam
1323 1679 1408 1709 non
1469 1717 1474 1723 .
1525 1673 1647 1716 onet,
1678 1666 1722 1709 in
1754 1666 1931 1723 quibus,
1966 1668 2041 1724 qni
2070 1666 2200 1710 aliter

283 1746 434 1793 sentit,
481 1743 685 1786 indicium
715 1743 828 1785 haud
858 1742 952 1784 leve
981 1741 1300 1799 deprehendere
1327 1741 1409 1785 sihi
1436 1729 1646 1797 fldeatur,
1681 1742 1836 1785 librum
1868 1742 2102 1786 secundnm
2135 1742 2189 1786 ab

282 1822 403 1865 initio
434 1834 530 1863 cnm
561 1820 700 1878 primo
731 1833 816 1861 non
847 1818 976 1861 fuisse
1007 1816 1299 1875 conjunctum.
1395 1855 1409 1883 4

397 1898 495 1941 Jam
523 1895 576 1938 ad
605 1896 742 1952 ipsam
773 1893 870 1937 libri
900 1894 1076 1938 secundi
1106 1907 1299 1953 composi
1416 1908 1457 1937 m
1490 1894 1839 1951 transgredimur.
1881 1894 1932 1938 In
1964 1910 2014 1939 ea
2045 1897 2190 1939 omnia

285 1973 393 2016 bene
424 1972 656 2015 decurrunt
685 1984 822 2027 usque
853 1969 907 2012 ad
937 1984 977 2014 v.
1002 1972 1076 2019 52,
1109 1977 1197 2014 tum
1216 1894 1441 2031 seqzt'
1427 1970 1499 2014 illa
1525 1967 1658 2026 βουλὴ
1687 1968 1900 2026 γερόντων
1929 1984 1982 2014 v..
1995 1974 2187 2021 53-86‚

287 2062 398 2106 quae
429 2061 527 2091 cum
553 2046 642 2104 jam
674 2046 727 2089 ab
760 2045 942 2103 antiquis
974 2045 1130 2089 criticis
1160 2032 1344 2091 martina
1367 2052 1487 2102 parte
1518 2046 1726 2095 mutilata,
1761 2047 1986 2089 novissime
2005 2061 2029 2090 a
2051 2048 2188 2091 Lach-

282 2138 440 2169 manno
480 2130 523 2167 et
566 2122 752 2180 Hauptio
784 2122 1041 2179 gravissimis
1073 2116 1331 2188 argumentis
1362 2121 1526 2179 rejecta
1556 2123 1636 2172 sit,
1679 2123 1831 2165 mirum
1870 2124 2005 2166 videri
2041 2126 2188 2181 possit,

287 2201 403 2260 quod
434 2215 521 2244 non
552 2199 690 2243 solum
720 2197 1024 2256 Naegelsbach.
1056 2213 1098 2257 p.
1133 2199 1216 2242 tu
1247 2212 1327 2257 sq..
1360 2197 1434 2242 sed
1468 2198 1594 2242 etiam
1623 2198 1905 2243 Hoffmannus
1935 2200 1979 2242 in
2011 2199 2190 2245 Schnei-

282 2277 437 2323 dewini
473 2275 625 2319 Philol.
658 2274 737 2324 111,
773 2290 815 2333 p.
853 2277 941 2318 200
969 2289 1033 2334 sq.
1065 2279 1108 2319 et
1126 2271 1403 2319 vBaeumlein.
1444 2277 1488 2320 in
1527 2275 1698 2333 Bergkii
1734 2276 1886 2319 annall.
1920 2278 2112 2335 antiquit.
2145 2292 2182 2321 a.

288 2356 419 2399 ists,
454 2367 498 2411 p.
529 2354 612 2397 331
644 2352 826 2409 sq.'tam
862 2350 1054 2396 studiose
1082 2350 1176 2410 ejus
1213 2350 1505 2396 defensionem
1534 2359 1829 2411 susceperunt.
1873 2354 2031 2397 Verum
2062 2355 2191 2398 totins

286 2429 397 2480 libri.
417 2428 555 2487 qualis
576 2427 746 2486 quidem
774 2440 888 2482 nunc
908 2412 1058 2478 fertur,
1082 2442 1158 2471 arx
1180 2434 1244 2472 est
1261 2428 1336 2471 ille
1356 2428 1491 2479 locus,
1511 2436 1556 2471 ut
1572 2436 1686 2471 recte
1702 2429 1988 2487 judicaverint
2007 2432 2193 2474 Baeum-

281 2507 383 2550 lein.
416 2519 464 2564 p..
481 2507 563 2550 331
597 2511 640 2547 et
668 2503 966 2561 Naegelsbach.
999 2518 1039 2561 p.
1065 2507 1150 2547 144
1178 2517 1276 2546 eum
1297 2518 1474 2562 prorsus
1503 2506 1876 2548 necessarium
1908 2520 2013 2550 esse.
2066 2508 2193 2551 Hunc

284 2583 414 2641 igitur
443 2582 479 2625 si
509 2580 745 2625 luculenter
774 2579 1054 2624 demonstrari
1085 2587 1224 2639 potest
1260 2581 1461 2640 ineptum,
1493 2594 1586 2624 esse
1623 2594 1703 2623 nec
1747 2594 1772 2624 a
1811 2580 1927 2625 bono
1958 2590 2090 2641 poeta
2119 2583 2196 2627 sed

286 2673 312 2701 a
349 2657 520 2701 misello
549 2663 779 2700 centonum
821 2665 967 2699 sutore
1008 2657 1164 2700 factum
1204 2670 1320 2707 esse,
1359 2657 1453 2715 ipsa
1490 2656 1616 2715 hujus
1652 2657 1752 2700 libri
1791 2660 2050 2716 compositio
2079 2661 2193 2705 haud

281 2734 432 2777 leviter
460 2746 668 2776 concussa
698 2734 790 2777 erit.

399 2809 569 2853 Initium
607 2808 783 2853 facimus
821 2808 874 2853 ab
914 2808 989 2860 iis,
1037 2823 1148 2868 qnae
1186 2808 1279 2866 jam
1316 2808 1372 2852 ab
1411 2808 1596 2866 antiquis
1637 2809 1793 2853 criticis
1825 2809 2053 2855 observata*
2079 2820 2191 2856 sunt.

285 2885 372 2939 Qui
400 2885 437 2929 ai
467 2884 712 2943 (migentius
736 2891 1030 2944 versarentur,
1077 2871 1248 2936 bonam'
1276 2892 1443 2945 partem
1470 2898 1639 2935 eorum,
1686 2892 1797 2944 qnae
1835 2899 1951 2930 nunc
1975 2886 2076 2946 jure
2111 2899 2192 2931 no-

282 2968 438 3017 tantur,
463 2959 555 3021 jam
574 2959 662 3006 illis
682 2960 869 3007 offensui*
888 2960 1017 3007 fuisse
1037 2961 1310 3007 inveniretur.
1362 2961 1429 3005 Ex
1447 2961 1531 3006 illis
1550 2961 1686 3020 igitur
1701 2961 1954 3007 zenodotus
1973 2976 2055 3022 pro
2074 2978 2114 3008 v.
2137 2967 2192 3007 55

282 3039 535 3090 evitatnrns,
567 3039 744 3098 opinor,
777 3038 882 3083 iliud
912 3037 1097 3096 πυκινὴν
1124 3036 1334 3097 ’iorem'
1353 3034 1517 3095 βουλήν
1546 3039 1606 3082 ita
1636 3041 1826 3098 scripsit:
