2464 3828
1062 336 1404 381 -18-

285 473 386 522 192,
419 470 666 529 200-202)
731 470 833 526 ¹ixis
863 484 1083 515 sermones
1114 470 1351 515 constitisse
1375 495 1428 502 —
1451 471 1567 515 varie
1590 482 1704 514 nnnc
1727 469 1809 513 hoc
1834 482 1948 514 nunc
1967 468 2042 514 illo
2063 468 2176 519 loco,

279 561 390 591 nunc
410 535 579 604 plenius
609 562 697 591 nnn
729 553 736 579 ἴ
775 548 911 590 arcius
941 547 1102 588 intrusa
1133 559 1249 594 esse,
1283 545 1420 588 donec
1450 558 1474 588 a
1501 545 1750 589 Pisistrateis
1781 552 1896 588 certa
1924 542 1968 588 in
1999 545 2180 589 statione

279 624 422 666 omnia
447 624 704 668 collocarent
759 609 763 611 Α
806 623 854 664 In
874 635 926 663 eo
947 629 1088 664 autem
1109 622 1269 665 fallitur
1290 621 1603 671 Lachmannus,
1638 621 1753 678 qnod
1774 634 1818 664 v.
1841 624 2072 664 203-205
2093 628 2181 664 sta-

281 699 355 743 tim
385 704 485 759 post
514 702 593 742 192
622 697 724 756 poni
799 749 808 761 ‚.
829 696 940 740 uisse
966 694 1057 755 jam
1085 696 1375 741 Aristarchum
1405 697 1586 741 sensisse
1608 696 1726 741 dicit:
1758 697 1844 741 imo
1874 696 2053 741 aliorum
2075 695 2184 741 hanc

282 776 413 821 fuisse
453 774 727 823 sententiam,
788 763 850 843 {d
890 772 943 817 ab
974 773 1221 818 Aristarcho
1252 773 1474 818 refutatam
1514 787 1569 818 ex
1609 781 1731 823 nota,
1774 773 1957 832 quaein
1987 772 2097 818 ABL
2129 771 2180 816 ad

283 868 320 895 v.
352 855 434 894 203
466 851 617 908 legitur
633 880 644 898 ,
694 863 747 893 co
836 849 921 893 ias:
971 846 1050 892 οὐκ
1096 848 1210 892 ἔσται
1241 850 1521 906 δημοκρατία,
1564 849 1706 905 φησίν.
1754 850 1790 893 εἰ
1827 848 1873 893 ὁὶ
1906 853 1996 900 τοῖς
2024 849 2181 905 μείζοσι

280 928 410 968 ταῦτα
446 924 606 979 ἔλεγεν.
655 924 726 979 ἐξῆ
808 922 910 983 τὴν
939 922 1109 973 στάσιν,
1156 926 1483 981 σπουδαρχιδῶν
1512 922 1682 981 ἀνδρῶν
1712 923 1759 967 ἐν
1786 922 1976 984 τοσούτῳ
2005 921 2183 983 θορύβῳ

276 999 612 1057 καθαπτόμενος.
665 1000 817 1044 Cont
854 1002 931 1044 hos
962 1001 1288 1057 Naegelsbach.
1299 1016 1340 1058 p.
1374 1004 1609 1044 299-302
1641 1001 1897 1058 disputavit,
1931 1008 2054 1043 acute
2085 1015 2182 1043 ver-

278 1092 349 1121 sus
380 1090 527 1121 omnes
558 1083 600 1120 et
630 1053 845 1150 genningjs
867 1090 960 1119 esse
1003 1083 1043 1120 et
1073 1090 1152 1120 suo
1183 1075 1281 1120 loco
1312 1076 1474 1134 positos
1511 1075 1888 1120 demonstraturus.
1949 1077 2009 1119 Ea
2041 1076 2182 1119 omnia

279 1159 538 1212 pertractare
566 1150 715 1196 inutile
747 1154 837 1226 ⁶⁸5»-
886 1151 1089 1211 qnoniam
1120 1151 1221 1196 nihil
1253 1151 1382 1196 refert
1412 1151 1474 1196 ad
1496 1166 1635 1197 meam
1666 1151 1719 1197 de
1751 1158 1841 1197 toto
1873 1151 1982 1197 libro
2012 1158 2182 1197 senten-

277 1231 402 1277 tiam,
451 1236 556 1286 quot
597 1235 669 1271 aut
708 1223 977 1288 quisshorum
1017 1241 1218 1271 versuum
1262 1235 1303 1271 et
1349 1241 1437 1286 quo
1477 1228 1574 1272 loco
1606 1229 1673 1273 hic
1703 1228 1986 1273 admittantur.
2046 1229 2183 1274 Unum

277 1313 366 1354 est,
414 1305 529 1362 quod
568 1311 683 1347 recte
725 1292 966 1356 obsstvavit
998 1329 1053 1336 —
1084 1318 1341 1362 quamquam
1373 1318 1426 1348 eo
1462 1319 1541 1348 nec
1572 1304 1868 1349 Lachmannus
1905 1319 1983 1348 nec
2014 1304 2183 1349 Curtius

278 1382 460 1439 tangitur
485 1407 562 1429 —,
603 1396 688 1424 non
721 1395 876 1446 posse·-
857 1380 1018 1425 solum
1049 1395 1217 1423 versum
1258 1383 1339 1423 194
1370 1382 1581 1438 expungi,
1631 1383 1830 1438 qnoniam
1863 1388 1951 1429 tum
1982 1382 2091 1424 male
2121 1380 2184 1423 bis

277 1457 424 1503 eadem
455 1456 646 1502 clausula
675 1452 773 1507 υἷας
800 1453 979 1512 Ἀχαιῶν
1007 1456 1227 1501 inferatur.
1264 1456 1348 1501 Sed
1384 1457 1427 1500 in
1457 1457 1552 1515 ipso
1582 1457 1658 1501 illo
1690 1472 1841 1506 versu,
1876 1457 2044 1501 exiliter
2075 1472 2181 1501 con-

276 1542 372 1579 suto
404 1533 495 1590 (cfr.
526 1548 570 1576 v.
598 1535 698 1576 203.
731 1533 773 1581 δ,
806 1529 897 1575 281
912 1539 965 1576 et
996 1534 1055 1581 H,
1081 1534 1178 1575 455.
1214 1535 1263 1580 Θ,
1289 1534 1384 1576 152.
1417 1532 1558 1586 Ξζ95.
1596 1535 1655 1584 Π,
1687 1535 1759 1577 49.
1797 1535 1849 1586 Χ,
1880 1536 1976 1578 178.
2009 1549 2052 1583 ν,
2080 1536 2178 1580 140.

277 1611 389 1656 unde
421 1616 569 1654 eontra
599 1610 874 1653 Homericum
905 1622 1029 1652 nsum
1054 1609 1092 1652 h.
1117 1609 1143 1652 l.
1167 1604 1262 1651 οἷον
1292 1606 1427 1652 ἔειπεν
1457 1610 1642 1668 positum
1673 1625 1765 1654 esse
1795 1610 2037 1669 intelliges),
2073 1625 2182 1669 quae

278 1689 420 1732 omnia
452 1687 639 1730 invenire
669 1686 748 1728 sibi
781 1686 892 1728 visus
924 1680 1009 1742 esst,
1057 1685 1190 1744 ipsius
1231 1684 1370 1729 verbis
1415 1685 1571 1730 addere
1601 1687 1762 1746 placet:
1811 1690 1944 1733 »Was
1981 1690 2087 1731 kann
2115 1690 2184 1743 fiir

278 1767 530 1819 Bmahiqunq
566 1765 635 1805 der
671 1765 839 1805 Fic'rsten
875 1746 1103 1805 wir-'numer
1141 1764 1225 1804 und
1252 1765 1467 1816 passmder
1503 1779 1614 1816 σοντι,
1671 1767 1732 1806 ace
1768 1767 1854 1818 dass
1893 1768 1950 1807 sie
1989 1768 2185 1819 Odys-scus

275 1857 345 1885 vor
374 1841 495 1884 Allem
523 1841 610 1883 mit
639 1841 721 1882 ins
755 1839 1056 1894 Geheimnise
1084 1840 1238 1886 zieht.
1280 1840 1367 1893 dass
1409 1854 1452 1882 er
1480 1843 1597 1883 {lmen
1634 1850 1766 1884 zuen-st
1795 1844 1867 1884 das
1895 1845 2026 1885 walin
2055 1845 2183 1885 Sach-

275 1917 499 1972 verhiiltniss
533 1916 712 1965 οηελίὶιῑι,
758 1915 1008 1970 Fiiqsamkeit
1047 1928 1124 1960 von
1160 1916 1275 1958 ilmen
1305 1929 1381 1958 aus
1413 1916 1598 1960 Grio'ndm
1635 1918 1808 1972 fordert,
1854 1918 1937 1960 und
1963 1919 2069 1961 daun
2098 1927 2177 1962 erst

277 1997 346 2036 mit
374 1995 458 2035 dem
487 1993 702 2047 moylichen
731 1993 857 2033 Zorne
892 1992 957 2033 des
989 1990 1160 2046 Kimiqes
1188 1992 1419 2034 sclina-lew«
1463 1997 1543 2035 ete.
1588 1992 1705 2035 Haec
1736 2006 1822 2035 non
1853 1992 2002 2037 melius
2034 1993 2185 2037 confu-

276 2069 354 2113 tari
385 2081 511 2127 posse
532 2066 754 2115 videntur,
790 2079 919 2124 quam
941 2065 977 2109 si
1000 2072 1195 2119 veterum
1209 2068 1401 2110 ’λυτικῶν
1427 2066 1678 2112 subtilitates
1700 2067 1946 2113 afferamus:
1980 2066 2051 2113 διὰ
2070 2070 2111 2112 τί
2137 2067 2186 2113 τὸ

274 2144 380 2200 ὄναρ
411 2141 552 2193 οὐδεὶς
588 2144 674 2184 τῶν
705 2140 751 2184 ἐν
779 2143 840 2201 τῷ
869 2141 1112 2200 προβουλίῳ
1142 2138 1332 2193 ἀκούσας
1353 2140 1471 2199 παρὰ
1497 2140 1806 2199 Ἀγαμέμνονος
1836 2143 1966 2197 ἐξεῖπε
1995 2149 2084 2196 τοῖς
2112 2144 2187 2189 ἄλ-

274 2226 364 2271 λοις
380 2219 601 2274 Ἕλλησιν;
645 2219 696 2260 ἓν
730 2216 809 2272 μὲν
838 2219 997 2270 αἴτιον,
1044 2214 1245 2273 εὐλάβεια
1269 2215 1362 2274 γὰρ
1392 2212 1447 2274 ἦν
1486 2217 1545 2275 μὴ
1575 2216 1874 2276 ὑπονοήσωσιν
1913 2222 1957 2264 οἱ
1981 2219 2180 2278 Ἓλληνες

276 2296 339 2341 ὅτι
369 2294 440 2341 διὰ
467 2293 547 2352 τὴν
575 2292 683 2350 πρὸς
709 2292 895 2350 Ἀχιλλέα
924 2291 1073 2338 στάσιν
1102 2292 1179 2338 τὸν
1209 2293 1379 2350 ὄνειρον
1406 2293 1583 2339 πλάσσει
1619 2297 1690 2351 (ita
1721 2298 1840 2355 lego;
1887 2300 2020 2357 vulgo
2048 2298 2179 2354 πράσ-

279 2376 375 2430 σει),
419 2371 523 2430 ὅπερ
555 2369 608 2418 οὐ
637 2369 879 2429 βασιλικόν·
913 2369 1058 2426 ἕτερον
1086 2369 1153 2425 δὲ,
1201 2370 1266 2416 ὅτι·
1293 2369 1347 2417 τὰ
1375 2375 1463 2417 τῶν
1493 2369 1670 2430 ὀνείρων
1705 2370 1758 2418 οὐ
1787 2375 1967 2430 βεβαίως
1994 2374 2178 2420 πιστεύε-

279 2467 366 2505 ται,
412 2447 464 2494 δι’
504 2447 559 2506 ἣν
603 2449 742 2493 αἰτίαν
787 2445 868 2492 οὐκ
909 2446 1061 2502 ἐξεῖπε·
1104 2448 1248 2505 τρίτον
1286 2446 1352 2512 δέ,
1400 2445 1467 2493 ὅτι
1504 2446 1556 2493 τὰ
1586 2447 1634 2494 ἐν
1662 2453 1754 2502 ταῖς
1781 2451 1956 2506 βουλαῖς
1984 2451 2180 2508 βασιλικὰ

281 2526 491 2584 σκέμματα
510 2525 581 2569 καὶ
601 2523 836 2582 διηγήματα
864 2522 965 2576 τούς
996 2522 1234 2577 ἀκούοντας
1260 2522 1314 2569 οὐ
1347 2528 1557 2582 προσῆκεν
1578 2523 1862 2571 ἐκκαλύπτειν.
1898 2527 2027 2573 Vides
2059 2530 2185 2574 etiam

283 2605 374 2646 illos
406 2604 591 2646 offensos
623 2616 735 2650 esse,
785 2601 901 2659 quod
943 2601 1058 2644 nulla
1089 2602 1212 2659 plane
1243 2602 1397 2645 somnii
1434 2603 1592 2646 mentio
1624 2602 1738 2662 apud
1770 2603 1944 2663 vulgum
1974 2604 2179 2663 injicitur,

285 2694 392 2737 quae
422 2679 662 2722 observatio
694 2679 819 2721 etiam
855 2678 907 2720 ad
939 2677 1072 2722 Ulixis
1103 2686 1145 2720 et
1175 2679 1365 2722 Nestoris
1402 2680 1614 2722 orationes
1645 2681 1839 2738 pertinet.
1902 2681 2033 2733 Quid,
2067 2681 2184 2738 quod

284 2754 386 2798 nihil
430 2769 453 2796 a
497 2761 622 2811 poeta
669 2754 806 2811 potuit
850 2754 1033 2811 ineptius
1076 2755 1333 2811 excogitari,
1398 2769 1523 2811 quam
1571 2756 1710 2814 quod,
1764 2764 1989 2815 postquam
2033 2757 2185 2801 Graeci

285 2829 463 2887 imperio
494 2830 821 2886 Agamemnonis
853 2829 984 2873 solius
1017 2829 1210 2873 obsecuti
1252 2830 1394 2887 sugam
1438 2831 1671 2887 parabant,
1719 2832 1862 2877 Ulixes
1899 2833 2092 2877 homines
2133 2834 2186 2877 de

284 2904 408 2965 plebe
441 2903 654 2964 objurgat,
688 2903 804 2963 quod
837 2919 1005 2950 summo
1039 2905 1128 2965 regi
1159 2919 1310 2964 parere
1340 2907 1552 2953 nesciant:
1586 2907 1671 2954 vid.
1693 2900 1997 2968 Naegelsliach.
2030 2926 2072 2969 p.
2103 2912 2185 2955 301

287 2984 517 3027 »Wdhrend
548 2985 740 3038 odysseus
778 2986 838 3025 die
869 2985 1034 3026 Farsten
1075 2986 1199 3026 durch
1232 2987 1447 3042 Belehrunq
1476 2989 1563 3029 und·
1588 2988 1801 3047 Vertroeuert
1831 2988 2033 3043 horahim,
2075 2990 2190 3032 achil&

286 3076 328 3103 er
359 3063 419 3102 die
448 3063 564 3102 Lente
592 3073 679 3101 vom
713 3062 800 3100 Volk
828 3063 911 3101 und
944 3063 1120 3115 verlanqt
1149 3074 1224 3102 von
1253 3063 1381 3103 diesen
1410 3064 1666 3117 unbedinqten
1697 3066 1934 3115 Gehorsam,
1966 3066 2029 3105 ein
2059 3065 2194 3118 blossee

288 3139 414 3181 Orare
439 3129 604 3190 parii-en
633 3137 730 3177 ohne
750 3136 903 3189 Fraqen
930 3138 1035 3178 nach
1059 3140 1141 3182 Wie
1159 3140 1243 3179 und
1264 3140 1474 3183 Varum«
1532 3139 1663 3196 Atqui
1694 3140 1776 3182 hoc
1806 3141 1945 3197 ipsum
1978 3140 2187 3184 fecerant!

399 3210 645 3256 Transimus
684 3208 736 3253 ad
778 3209 953 3254 alteram
985 3212 1241 3256 concionem
1280 3219 1321 3257 et
1359 3212 1410 3257 ad
1446 3214 1662 3272 egregium
1700 3214 1803 3259 illud
1835 3215 2051 3260 Thersitae
2082 3214 2193 3260 ἐπει·
2240 3205 2245 3208 ’
