2464 3828
534 0 691 334 Ἀ

290 445 430 489 audita
460 445 632 488 oration
714 436 721 497 ζ
755 445 828 488 tim
851 444 1091 503 dissipatur,
1124 445 1199 488 sed
1231 458 1308 503 per
1338 443 1512 501 aliquod
1547 452 1713 502 tempus
1735 469 1789 476 —
1812 445 1929 501 quod
1959 447 2100 503 ipsum
2132 445 2196 488 vel

291 520 459 564 duobus
478 552 489 570 ,
521 521 557 565 si
577 521 670 566 Diis
740 528 849 569 acet,
882 520 1087 564 similibus
1116 520 1351 564 illustratur
1372 542 1427 552 --
1450 527 1645 563 movetur
1676 528 1717 563 et
1748 518 1964 568 turbatur.
1995 527 2084 564 tum
2116 520 2194 565 de-

288 612 422 647 mum,
456 611 553 642 enm
576 611 699 645 nem⁴
774 597 837 640 ’us
866 595 1022 653 prodit,
1056 596 1311 642 dissolvitur.
1349 596 1522 650 Quanto
1543 596 1709 641 facilins
1740 610 1867 649 nunc,
1898 610 2027 654 quam
2048 605 2194 655 postea

287 675 436 718 suisset
467 674 575 719 Ulixi
606 672 682 715 sile
849 671 932 715 sibi
961 672 1122 716 facere!
1172 672 1372 716 Tumultu
1403 680 1476 716 aut
1507 672 1694 716 clamore
1728 686 1851 716 voces
1885 673 2003 730 loqui
2035 687 2195 716 conan-

288 752 393 793 tium
425 750 596 792 obtusas
625 761 744 796 esse,
788 747 844 790 de
875 762 928 790 eo
960 762 1013 789 ne
1041 751 1125 802 γρῦ
1156 749 1343 806 quidem.
1404 749 1588 796 lterum,
1635 763 1745 806 quae
1775 749 1933 807 scripta
1964 757 2086 797 sunt,
2120 763 2197 791 ne-

288 819 404 883 gligi,
437 838 547 881 quae
578 838 662 866 non
694 837 740 866 sc
787 815 851 867 'ta
883 831 997 873 sunt,
1031 823 1232 881 fingendo
1264 824 1365 867 addi.
1392 825 1606 869 videmus!

402 900 449 942 V.
485 902 591 947 143.
642 913 726 956 que
810 913 906 942 cum
936 900 1072 956 βουλῇ
1110 899 1364 957 ejiciendum
1405 913 1498 943 esse
1542 901 1705 943 monuit
1737 896 2057 950 Lachmannus,
2105 899 2193 958 jam

283 976 549 1020 Aristarchus
581 974 755 1018 transfix
788 982 874 1034 ⁴at.
922 973 988 1018 ὅτι
1024 977 1156 1026 κενῶς
1185 975 1454 1031 intemetum.
1515 976 1627 1020 Addi
1665 985 1832 1034 poterat
1877 976 2191 1034 interpolatoris

281 1054 488 1096 inscitiam
518 1054 641 1111 prodi
673 1053 747 1095 illo
791 1042 796 1045 *
851 1050 879 1094 ἂ
909 1050 1099 1107 πληθύν,
1133 1051 1250 1109 quod
1281 1052 1317 1094 si
1347 1052 1528 1109 proprio
1559 1065 1687 1094 sensu
1719 1053 1860 1110 posuit
1895 1053 2036 1096 inter
2067 1052 2191 1095 mul-

283 1129 583 1177 titudinem,
613 1130 772 1185 „inepte
799 1128 961 1186 ,plures
1004 1128 1161 1171 indicat
1200 1142 1254 1170 ex
1297 1127 1565 1171 multitudine
1603 1128 1781 1171 consilio
1810 1128 2081 1176 interfuisse,
2129 1128 2192 1170 sin

281 1206 432 1254 duces,
475 1206 547 1262 qni
578 1219 664 1249 non
704 1180 1015 1254 intffll'uissent.
1057 1189 1246 1248 indicare
1276 1204 1436 1254 voluit,
1482 1218 1611 1261 prave
1648 1203 1752 1248 illud
1789 1218 1841 1248 eo
1872 1218 1999 1248 sensu
2030 1204 2187 1262 posuit,

282 1296 406 1339 quem
441 1281 599 1324 babere
631 1295 716 1324 non
749 1255 911 1347 piest:
947 1294 1053 1323 cum
1088 1281 1446 1324 multitudine.

395 1359 504 1400 Tum
535 1357 623 1400 duo
662 1357 734 1400 illa
775 1347 956 1437 sinia,
1004 1371 1044 1399 v.
1082 1358 1311 1399 144—146
1343 1364 1385 1399 et
1420 1358 1669 1403 147-149,
1718 1356 1918 1413 qnoniam
1961 1356 2097 1399 eidem
2129 1357 2189 1398 rei

279 1432 554 1476 illustrandae
594 1427 901 1493 adhibeantugss
949 1445 1036 1475 non
1072 1431 1262 1490 ejusdem
1304 1445 1453 1475 manus
1485 1431 1617 1475 videri
1648 1431 1927 1475 observarunt
1956 1431 2047 1490 jam
2078 1432 2189 1474 Her-

281 1523 460 1552 mannus
490 1516 533 1550 et
565 1509 789 1565 Hauptius.
852 1493 1114 1564 Obloquitur
1144 1507 1451 1563 Naegelsbach.
1486 1523 1527 1565 p.
1557 1511 1661 1550 ¹56:
1697 1512 1808 1550 »Das
1837 1518 1937 1550 erue
1966 1511 2099 1563 besaqt
2127 1512 2190 1550 ein

281 1587 627 1627 tumultuarisches
657 1579 1107 1638 Durcheinandemoqm
1136 1585 1204 1625 der
1238 1585 1530 1638 Versammtunq
1543 1614 1555 1632 ‚
1598 1586 1727 1626 indam
1755 1587 1813 1625 sie
1840 1587 1963 1626 ciuem
1991 1598 2066 1626 von
2093 1588 2189 1626 zwei

280 1667 652 1716 emqeyenqesetzten
694 1661 852 1704 Winden
889 1661 1139 1721 mqmqten
1176 1662 1305 1702 Moero
1334 1658 1498 1714 yleicltt'5
1542 1661 1614 1701 aas
1649 1662 1781 1702 zweite
1816 1661 2047 1719 κινηξζῆναι
2091 1664 2186 1703 malt

279 1740 338 1778 die
367 1740 581 1789 Beweqzmq
612 1737 680 1776 der
715 1721 1002 1796 Versammffiq
1031 1738 1134 1777 nach
1162 1738 1267 1777 eine
1280 1749 1304 1776 r
1332 1738 1545 1789 Richtuw,
1576 1738 1680 1778 nach
1709 1738 1782 1778 den
1810 1737 1980 1789 Schiffen
2008 1738 2090 1787 hin,
2121 1739 2186 1778 in-

278 1815 361 1855 dem
401 1813 469 1855 der
497 1813 656 1854 Dichter
695 1812 777 1854 eine
805 1812 938 1855 Masso
975 1822 1054 1855 m
1082 1812 1293 1855 Men-echert
1332 1812 1515 1854 achildem
1528 1843 1538 1859 .
1584 1812 1722 1854 welche
1757 1814 1828 1854 wie
1866 1812 2042 1860 Aelium,
2089 1812 2186 1855 iiber

276 1890 412 1931 weleika
456 1888 524 1931 der
565 1887 681 1933 Wind
727 1888 796 1929 hin
833 1887 951 1937 blc'ist,
1003 1887 1113 1933 redu
1148 1888 1353 1943 eiqmlick
1384 1889 1624 1943 praecipiter
1665 1889 1742 1930 ein
1752 1901 1818 1930 em
1852 1890 1954 1931 Ziele
1992 1889 2183 1930 medem«

276 1967 328 2006 Et
359 1964 549 2005 similiter
591 1963 678 2004 fere
713 1963 803 2019 jam
835 1962 1138 2013 Alexandffii:
1186 1960 1213 2016 ἡ
1243 1960 1389 2017 πρώτη
1432 1961 1681 2017 (παραβολὴ)
1716 1962 1793 2004 τὸν
1827 1961 2031 2017 τάραχον,
2080 1961 2107 2017 ἡ
2137 1964 2183 2005 δὲ

273 2038 445 2093 δευτέρα
463 2037 542 2093 τὴν
562 2035 845 2092 ὁμοθυμαδὸν
870 2035 1010 2093 ὁρμὴν
1028 2038 1293 2098 παρίστησιν.
1334 2040 1493 2081 Tamen
1517 2038 1595 2080 bae
1618 2039 1809 2094 argutiae
1828 2039 1931 2095 ipsis
1953 2038 2092 2082 verbis
2114 2054 2183 2081 re-

273 2116 470 2159 futantur.
514 2115 620 2159 Nam
647 2121 958 2172 praeterquam,
992 2114 1108 2172 quod
1132 2114 1259 2159 etiam
1281 2114 1414 2158 altera
1437 2113 1638 2172 parabola
1671 2128 1756 2158 non
1787 2121 1928 2172 potest
1957 2114 2097 2172 ipsum
2130 2115 2180 2159 ad

274 2205 399 2234 naves
431 2204 601 2234 cursum
632 2190 844 2234 illustrare
918 2191 1122 2248 quoniam
1164 2190 1321 2236 aristae
1363 2204 1440 2248 per
1471 2197 1642 2233 ventum
1675 2204 1761 2233 non
1792 2203 1872 2234 suo
1904 2190 2001 2234 loco
2032 2191 2181 2234 demo-

273 2275 436 2316 ventur,
470 2267 544 2310 sed
574 2280 628 2309 eo
660 2266 897 2310 alternatim
930 2266 1058 2310 flante
1090 2266 1221 2310 modo
1251 2265 1549 2324 deprimuntur
1580 2266 1709 2309 modo
1739 2274 1941 2323 surgunt,
1974 2267 2047 2309 illa
2078 2267 2179 2325 fuga

271 2344 544 2401 sequentibus
582 2344 751 2386 demum
789 2353 885 2401 post
924 2344 1150 2402 parabolas
1190 2342 1565 2387 illatis-innuitur:
1613 2345 1657 2386 οἱ
1684 2340 1722 2386 δ’
1755 2341 1949 2402 ἀλαλητῷ
1978 2346 2085 2399 νῆας
2116 2342 2177 2387 ἔπ’

270 2418 505 2462 ἐσσεύοντο.
572 2420 622 2462 Et
654 2419 829 2462 eandem
862 2428 1003 2463 motus
1034 2421 1251 2463 notionem
1283 2428 1467 2476 utraque
1495 2419 1700 2477 parabola
1732 2419 1903 2477 depingi
1934 2419 2047 2462 idem
2081 2434 2176 2463 ver-

272 2497 371 2539 bum
404 2510 442 2538 v.
478 2498 561 2538 144
591 2504 631 2538 et
666 2499 747 2538 149
777 2494 935 2551 κινήθη
966 2496 1255 2544 demonstrat.
1291 2495 1408 2553 quod
1434 2495 1499 2539 vel
1529 2495 1836 2553 Naegelsbach.
1872 2511 1913 2554 p.
1937 2499 2020 2539 157
2050 2496 2176 2540 intel-

270 2572 391 2623 lexit,
424 2571 487 2614 his
519 2570 656 2614 verbis
688 2571 765 2614 sibi
796 2572 889 2630 ipse
920 2572 1137 2615 officiens:
1173 2575 1392 2615 »Vielmehr
1411 2574 1651 2616 werden-dio
1671 2574 1804 2615 beiden
1824 2574 2060 2617 Gleiclmiue
2089 2588 2177 2616 zu-

268 2651 793 2702 sammenqeschlossen
822 2651 946 2691 durch
976 2651 1289 2703 Epampkora.«

382 2725 430 2766 ln
466 2723 739 2781 sequentibus
781 2739 907 2782 quam
946 2724 1242 2774 incommode.
1283 2725 1318 2768 si
1359 2724 1530 2782 quidem
1570 2723 1665 2768 libri
1702 2724 1867 2768 initium
1914 2732 2173 2782 spectamus,

266 2802 373 2843 Jove
404 2800 643 2857 quiescente
685 2801 776 2844 sola
818 2800 934 2844 Juno
971 2816 1046 2859 per
1077 2802 1313 2845 Minervam
1345 2801 1619 2850 interveniat,
1648 2801 1740 2860 jam
1779 2801 1976 2845 diximus.
2032 2797 2174 2856 Ὑπέρ-

264 2891 401 2931 μορον
431 2875 533 2919 illud
567 2891 619 2919 eo
649 2877 1010 2921 inconvenientius
1054 2886 1141 2926 est,
1184 2879 1218 2920 si
1250 2880 1541 2935 Agamemnon
1572 2891 1661 2921 non
1691 2878 1830 2928 serio,
1873 2877 1949 2921 sed
1979 2877 2175 2922 simulate

265 2952 409 3009 fugam
440 2952 583 2995 suasit.
646 2953 752 2995 Tum
782 2954 919 3001 Juno.
963 2954 998 2996 si
1029 2954 1178 2997 eadem
1210 2960 1290 3002 est,
1323 2967 1434 3010 qnae
1466 2953 1576 2997 libro
1614 2954 1754 3011 primo
1785 2954 2018 2998 Minervam
2050 2954 2175 2998 dimi·

263 3030 314 3072 sit
347 3043 383 3072 v.
420 3031 503 3072 196
535 3037 575 3072 et
608 3031 693 3071 209

671 3101 801 3158 ἄμφω
832 3100 945 3159 ὁμῶς
974 3107 1103 3164 θυμῷ
1133 3102 1341 3161 φιλέουσά
1372 3119 1414 3148 τε
1444 3104 1654 3161 κηδομένη
1686 3120 1741 3156 τε,
