2464 3828
1072 267 1409 334 ...s-7...

296 427 420 472 etiam
448 426 488 470 h.
502 425 532 470 1.
548 439 635 471 non
657 424 796 470 solum
813 424 1113 485 Trojanorum,
1139 422 1217 468 sed
1230 423 1355 467 etiam
1369 417 1546 466 Achillis
1571 410 1717 463 i'ace'r'd¹

295 503 452 548 Mirum
488 503 614 547 etiam
645 508 709 546 est
735 502 781 545 in
809 500 873 545 his
902 490 1282 565 Naegelsbachium
1316 491 1553 555 neglexisse
1582 487 1703 554 Arist‘

299 580 527 624 rectissime
557 594 597 623 v.
633 579 860 623 160-162
890 583 933 622 ε1
961 592 1001 622 v.
1038 573 1123 622 164
1161 570 1348 621 athetesi'
1367 571 1577 632 subjecit:
1626 575 1684 617 »t

297 658 376 699 τοῦ
411 654 458 698 ἐν
501 654 631 712 Τροίῃ
667 651 879 698 ἀπόλοντο
913 650 1169 697 &onosma
1203 648 1336 707 στίχες
1362 646 1501 713 τρεῖς,
1537 641 1608 692 οιαὶ
1645 640 1672 704 ,’

299 730 363 775 ὅτι
397 728 650 786 οἰκειότερον
689 729 736 773 ἐν
772 732 834 788 τῷ
869 731 943 785 τῆς
974 725 1159 784 Ἀθηνᾶς
1186 724 1299 786 λόγῳ
1335 723 1428 782 ἑξῆς
1465 730 1541 774 εἰσὶ
1579 744 1605 772 τ
1643 775 1656 788 s
1741 728 1751 743 ’
1780 745 1819 773 οι
1853 730 1994 788 (176),
2040 731 2125 772 νῦν
2153 728 2200 771 δὲ

309 805 601 862 κωμικοότερον
629 803 833 860 λέγονται.
870 806 895 842 Α
948 813 989 848 et
1021 808 1116 848 164.
1147 801 1358 848 decretvm
1377 804 1424 848 δὲ
1452 806 1523 849 καὶ
1551 792 1663 856 aidi*
1772 822 1794 856 ς
1821 804 2091 862 παράκειται,
2138 804 2204 848 ὅτι

300 881 369 925 καὶ
412 875 539 933 οὗτος
580 879 688 938 πρὸς
729 877 913 937 Ἀθηνᾶς
950 864 1112 931 οἰκείως
1153 877 1264 936 πρὸς
1300 877 1505 925 Ὀδυσσέα
1582 879 1593 895 ’
1742 881 1884 940 (180),
1930 880 2001 925 καὶ
2041 882 2202 932 ψεῦδος

301 956 479 1014 περιέχει
505 960 606 1001 νῦν·
651 954 705 1000 οὗ
733 954 815 1012 γὰρ
844 953 872 1012 ἦ
899 953 1060 1012 Ἀθηνᾶ
1087 957 1338 1013 παρίσταται
1366 954 1549 1017 ἑκάστῳ,
1589 954 1689 1013 «iu.
1711 954 1737 1001 ὁ
1765 954 2005 1008 Ὀδυσσεύς.
2036 956 2165 1002 ALV.
2174 974 2198 999 (ι

305 1032 464 1077 Contra
494 1046 537 1077 v.·
575 1035 655 1076 168
687 1046 946 1091 quamquam
983 1033 1026 1076 in
1057 1031 1093 1076 V
1124 1034 1327 1077 omissum
1370 1047 1466 1077 cum
1499 1001 1711 1101 Βεῦεῷ
1739 1034 1998 1078 retinuerim.
2061 1035 2200 1079 Zeno-

307 1110 431 1157 dotus
462 1124 515 1153 ex
546 1124 665 1153 more
695 1109 897 1153 audacius
930 1115 1141 1167 grassatus
1171 1117 1262 1153 erat
1292 1124 1332 1153 v.
1371 1113 1597 1154 156-169
1627 1110 2032 1308 {contrahendoe

1813 416 1910 461 ebat
1924 418 2196 463 mentionem.

1799 486 1816 537 i
1845 483 2075 552 judicium,
2122 493 2198 554 qui

1752 605 1763 616 .
1804 566 1891 615 ἀπὸ
1928 565 2086 632 τούτου
2120 569 2199 622 ἕως

1765 648 1875 691 loxos
1902 642 2195 702 παράκεινται.

707 1185 744 1230 εἰ
771 1183 829 1241 μὴ
854 1182 1059 1241 Ἀθηναίη
1089 1183 1296 1236 λαοσσόος
1328 1178 1424 1242 ἦλθ’
1455 1183 1525 1230 ἀπ’
1552 1183 1628 1230 ’ολ

706 1256 830 1317 εὗρεν
858 1258 980 1305 ἔπειτ’
1006 1259 1196 1316 Ὀδυσῆα
1227 1267 1307 1305 etc.

307 1340 422 1383 Idem
455 1353 550 1383 cum
580 1338 764 1382 refertur
793 1353 832 1381 v.
868 1341 947 1380 161
979 1333 1024 1379 θ’
1056 1343 1153 1380 aute
1178 1332 1351 1390 Ἑλένην
1380 1316 1759 1479 εᾶᾱίᾱίεεξμῑεῑ
1787 1338 1830 1381 id
1861 1338 1913 1381 de
1943 1353 1980 1382 v.
2016 1342 2098 1382 177
2130 1354 2202 1384 va-

307 1416 416 1464 lere,
451 1414 566 1472 quod
597 1413 805 1478 Spitzneri
836 1412 971 1471 gratia
1001 1424 1172 1454 moneo.

422 1490 652 1542 Quomodo
684 1489 751 1531 vel
781 1488 962 1530 minimis
991 1488 1200 1535 insistant.
1236 1494 1283 1530 ut
1313 1487 1509 1530 vitiosam
1604 1488 1640 1529 ri
1672 1489 2024 1546 compositionem
2059 1490 2205 1534 defen-

307 1568 425 1616 dant,
467 1565 537 1608 vel
580 1564 685 1607 illud
714 1564 849 1608 Ulixis
887 1561 988 1618 ἄχος
1018 1577 1056 1605 v.
1091 1565 1169 1604 171
1206 1562 1478 1606 demonstrat.
1536 1621 1541 1624 ,
1584 1560 1646 1606 uo'
1684 1578 1782 1608 cum
1812 1565 2059 1623 simpliciter
2089 1580 2208 1609 moe-

307 1656 379 1686 ror
423 1640 683 1698 significetur
729 1640 782 1683 de
808 1639 931 1697 ‘turpi
970 1638 1070 1696 fuga
1109 1644 1520 1696 conceptus,un
1574 1652 1624 1682 so
1656 1653 1754 1682 ειιιιι
1789 1655 1892 1698 prae
1937 1643 2088 1686 ceteris
2119 1641 2212 1685 ido-

309 1730 432 1762 neum
464 1719 593 1761 fuisse
624 1716 906 1772 exsequendis
927 1716 1145 1758 Minervae
1175 1714 1381 1758 mandatis
1408 1716 1452 1757 in
1482 1715 1634 1765 a'tur‚
1667 1717 1969 1771 Naegelsbach.
2001 1719 2100 1761 inde
2131 1719 2213 1761 hoc

309 1794 386 1839 sibi
417 1793 580 1839 effinxit
610 1808 653 1851 ιι.
690 1795 797 1836 161·
832 1790 940 1836 »Die
968 1793 1089 1847 Kraft
1118 1783 1186 1835 der
1213 1792 1402 1843 Far-scen,
1439 1772 1501 1836 διε
1529 1795 1601 1836 mit
1630 1794 1685 1836 im
1718 1794 1979 1838 Geheimnisse
2008 1797 2114 1846 sind,
2147 1800 2212 1844 ist,

309 1874 402 1915 wie
435 1870 813 1926 beispielsweise
850 1881 912 1912 an
945 1869 1187 1925 odysseus
1220 1869 1378 1912 sichtb
1480 1870 1603 1913 wird
1632 1869 1687 1927 (v.
1728 1868 1841 1927 170),
1879 1885 1968 1915 vom
2001 1873 2213 1928 Unyestia'm

311 1952 378 1990 der
411 1950 544 1989 Viilker
570 1949 752 2001 qelc’ihmt.
762 1960 786 1984 c<
848 1944 969 1997 Quae
1005 1945 1148 1987 omnia
1178 1957 1265 1995 nou
1298 1880 1488 1995 81)Ιὲ
1475 1945 1664 2002 ignorari
1694 1945 1746 1987 ab
1779 1947 1992 1996 Homero,
2035 1947 2110 1990 sed
2142 1961 2213 1991 re-

312 2024 439 2066 futari
477 2030 605 2079 patet.
657 2021 765 2064 Nam
806 2027 852 2062 ut
882 2020 1025 2063 Ulixes
1057 2027 1275 2077 tamquam
1304 2020 1549 2077 exemplum
1580 2021 1832 2064 exhibeatur
1871 2022 2027 2065 ducum
2058 2037 2083 2064 a
2114 2023 2215 2079 fuga

313 2098 630 2143 abhorrentium
661 2103 820 2141 tantum
853 2095 994 2146 abest,
1035 2104 1083 2140 ut
1112 2094 1346 2141 secuudum
1376 2113 1414 2140 v.
1450 2099 1534 2140 188
1565 2111 1658 2154 sqq.
1689 2097 1719 2140 ii
1750 2112 1897 2141 omnes
1927 2099 1969 2141 in
2003 2099 2104 2155 fuga
2135 2114 2213 2157 pa-

314 2175 442 2220 randa
488 2174 687 2232 occupati
730 2172 968 2217 videantur.
1034 2164 1177 2217 Simile
1210 2157 1356 2218 tamen
1397 2150 1465 2216 hic
1504 2187 1678 2231 quoque
1722 2187 1899 2218 acumen
1944 2175 2215 2231 praeiverant

313 2251 609 2296 Alexandrini:
651 2246 675 2293 ὁ
701 2247 931 2300 Ὀδυσσεύς
953 2275 1006 2281 -
1028 2249 1209 2308 ἀἶ’σιταται,ι
1232 2246 1291 2306 μὴ
1320 2246 1543 2293 καθέλκων
1578 2246 1658 2306 τὴν
1686 2251 1817 2302 ναῦν,
1864 2247 1934 2293 διὰ
1972 2252 2101 2294 τοῦτο
2132 2252 2218 2295 δει-

313 2328 417 2380 κνύς
431 2361 442 2376 ,
477 2326 503 2371 ὃ
532 2325 728 2383 ἐβούλετο
756 2326 826 2369 καὶ
855 2323 958 2376 τοὺς
986 2324 1142 2376 ἄλλους
1168 2330 1320 2370 ποιεῖν.

429 2406 499 2447 ῡε
530 2418 566 2446 v.
602 2405 845 2446 188-205
889 2401 1001 2457 (uam
1038 2389 1086 2444 vs
1112 2404 1195 2444 206
1227 2402 1398 2459 quidem
1430 2410 1576 2461 aperte
1615 2416 1670 2445 ex
1702 2404 1745 2451 Ι,
1779 2405 1834 2445 99
1868 2402 2055 2448 effictum
2088 2418 2216 2448 nemo

314 2481 439 2524 hodie
470 2480 678 2536 defendet)
713 2486 755 2522 et
784 2478 886 2522 olim
916 2486 958 2521 et
988 2493 1103 2521 nunc
1133 2477 1310 2521 multum
1342 2478 1581 2521 dubitatum
1612 2486 1689 2521 est.
1741 2479 2012 2523 Aristarchus
2044 2481 2218 2538 quidem

311 2574 350 2600 v.
386 2559 623 2613 193—1971
644 2555 771 2599 obelo
801 2554 1033 2599 transfixit:
1080 2551 1166 2597 ἀπὸ
1203 2550 1361 2597 τούτου
1400 2553 1479 2606 ἕως
1518 2557 1595 2597 τοῦ
1632 2552 1764 2610 »τιμὴ
1807 2552 1844 2597 δ’
1876 2554 1921 2597 ἐκ
1959 2553 2068 2607 Διός
2098 2556 2219 2600 itm«

313 2631 568 2677 ἀθετοῦνται
606 2631 740 2687 στίχοι
780 2629 817 2684 έ,
858 2627 924 2673 ὅτι
961 2627 1199 2680 ἀπεοικότες
1236 2630 1279 2672 οἱ
1314 2626 1435 2685 λόγοι
1471 2630 1540 2673 καὶ
1577 2628 1634 2686 μὴ
1663 2632 1960 2686 προτρεπτικοὶ
2003 2633 2064 2684 εἰς
2092 2649 2218 2677 κατα-

315 2707 482 2765 στολήν.
512 2709 595 2752 ΑΙ..
657 2707 951 2752 Lachmannus
991 2721 1045 2750 ex
1078 2707 1141 2751 his
1170 2723 1209 2751 v.
1245 2710 1328 2751 193
1365 2696 1527 2757 retinet.
1559 2706 1635 2751 sed
1665 2715 1707 2752 et
1741 2710 1970 2769 191ι-197
2003 2716 2044 2754 et
2075 2713 2220 2754 203-—

318 2790 402 2830 205
435 2799 515 2844 pro
545 2784 701 2844 spuriis
717 2784 856 2828 habet
887 2782 1208 2834 additamentis,
1253 2785 1419 2849 quibus
1439 2784 1553 2841 regia
1581 2792 1771 2843 potestas
1803 2799 1827 2828 a
1858 2787 1967 2829 Jove
1997 2787 2093 2830 data
2123 2787 2223 2831 illu-

318 2869 447 2907 strata
480 2862 545 2906 sit.
607 2860 828 2906 Consentit
858 2859 1030 2905 Curtius
1060 2876 1103 2920 ιι.
1138 2864 1212 2911 12,
1255 2861 1336 2922 uisi
1365 2860 1479 2919 quod
1510 2875 1608 2904 cum
1640 2861 1886 2906 Aristarcho
1918 2863 2044 2907 etiam
2075 2878 2114 2906 v.
2139 2867 2223 2907 193

316 2938 453 2997 rejicit
489 2945 531 2982 et
565 2936 851 2981 additamenta
880 2936 950 2980 illa
983 2937 1067 2981 alio
1098 2936 1273 2985 ordine.
1322 2952 1449 2996 quam
1480 2948 1567 2995 quo
1598 2952 1713 2981 nunc
1745 2937 1967 2996 leguntur,
2007 2953 2045 2982 v.
2079 2942 2222 2983 203—

317 3018 401 3058 205
433 3014 486 3058 ad
521 3017 627 3064 192,
661 3030 700 3058 v.
741 3017 836 3058 196.
872 3016 968 3057 197.
1005 3017 1085 3058 195
1119 3013 1241 3071 (sicl)
1278 3014 1332 3058 ad
1365 3016 1446 3057 202
1478 3014 1642 3072 adjecta
1675 3021 1809 3072 putat.
1875 3015 1959 3059 Sed
1990 3016 2095 3059 baec
2127 3018 2224 3072 qui-

317 3090 412 3134 dem
447 3089 570 3134 valde
605 3090 768 3135 incerta
807 3096 928 3134 sunt:
976 3088 1400 3155 multovprobabilius
1431 3098 1514 3140 est,
1556 3090 1674 3134 varia
1719 3090 2006 3135 additamenta
2038 3115 2093 3123 —
2125 3106 2225 3134 nam

319 3181 414 3210 cum
436 3166 709 3210 Lachmauno
735 3174 776 3210 et
804 3165 952 3210 Curtio
984 3167 1204 3210 consentio
1226 3166 1418 3223 primitus
1444 3172 1606 3211 tautum
1635 3181 1689 3211 ex
1711 3168 1831 3211 trinis
1855 3166 2043 3211 versibus
2066 3166 2224 3223 (190-

1968 3234 1989 3270 3
