2464 3828
1091 306 1394 355 —4-

287 445 611 503 intemperantia
654 466 660 484 ·
724 465 769 485 ;ι
807 451 922 489 atam
952 445 1212 503 aptissimam
1243 444 1373 488 fuisse
1400 444 1618 488 Thersitae
1648 444 1841 487 convicio
1871 445 1961 502 ipse
1991 443 2194 502 Naegels-

288 519 465 566 bachins
496 535 539 579 p.
576 523 658 566 17⁰
715 575 740 579 n
766 519 875 580 ptio
915 517 1132 570 concedit,
1178 532 1437 578 quamquam
1481 532 1578 563 cum
1608 518 1727 578 optio
1758 525 1912 578 poetae
1942 519 2039 564 data
2069 519 2196 564 fuerit

287 596 398 640 inter
427 596 622 656 injurias,
656 609 701 653 q
742 596 779 644 ᾗ
806 614 824 631 ιι
867 594 999 638 altera
1031 593 1243 654 Chrysae,
1278 594 1410 639 altera
1439 593 1590 638 Achilli
1620 593 1734 637 illata
1764 595 1840 643 sit,
1887 596 2057 653 gravius
2087 596 2195 639 hanc

289 686 419 731 quam
441 673 562 717 ‚illam
584 679 732 714 comm·
779 691 812 719 ,ι
824 670 908 714 rari
935 671 1111 728 putavit.
1173 671 1308 724 Quasi
1336 684 1423 713 non
1453 677 1678 727 utramque
1709 682 2044 714 commemorare
2064 672 2197 715 Ther-

292 751 373 793 sita
403 747 692 805 dignissimum
736 769 740 784 ι
804 770 818 782 -,
841 747 887 796 't,
920 746 995 804 qni
1024 753 1179 796 tamen.
1210 748 1246 790 si
1275 761 1404 790 unam
1434 745 1590 804 eligere
1619 745 1763 796 vellet,
1795 745 2062 804 praetulisset
2092 761 2197 806 pro·
2253 795 2258 805 Ι

289 833 382 884 pter
411 824 615 867 orationis
646 837 746 867 su-
792 816 832 859 ἶ
869 844 874 860 ι
1835 823 1846 834 ’
1880 823 1891 834 “
1926 824 1936 835 ’
1969 823 1980 832 “

286 909 424 953 satur,
462 899 559 956 ejus
590 913 738 943 amore
826 913 1078 944 raeeorum
1110 900 1327 944 exercitui·
1354 899 1581 944 funestum.
1643 898 1802 944 Verum
1833 900 1944 944 enim
1978 914 2079 944 vero
2111 914 2198 944 non

284 977 422 1022 solum
451 977 495 1021 in
525 975 743 1020 Thersitae
789 961 827 987 v
853 976 997 1025 tione,
1040 957 1119 1019 ¹sed
1162 975 1252 1019 sere
1289 973 1450 1033 uhiqne
1482 974 1535 1020 ad
1567 975 1885 1020 antecedentem
1918 975 2030 1020 diem
2061 976 2197 1034 respi-

285 1065 383 1097 cere
413 1050 595 1096 dehehat
623 1057 751 1109 poeta
798 1043 805 1094 Ῐ
832 1051 834 1054 ’
871 1064 930 1095 m
961 1063 1105 1095 rerum
1137 1051 1450 1096 connexionem
1481 1065 1720 1110 quaerens,
1767 1059 1815 1097 ut
1846 1051 2030 1110 exempli
2061 1052 2194 1110 gratia

281 1131 642 1185 Agamemnonem
663 1127 752 1170 fac·
838 1125 898 1170 'de
918 1127 1131 1170 exercitus
1162 1133 1282 1185 peste
1311 1126 1441 1169 modo
1462 1129 1606 1171 vexati
1627 1129 1772 1171 animo
1795 1136 1923 1185 atque
1946 1128 1998 1170 de
2020 1127 2193 1170 Achillis

280 1207 344 1247 ira
374 1204 601 1248 sollicitum
631 1205 759 1261 prim
789 1193 835 1253 ⁵..
870 1211 958 1246 tum
979 1217 1058 1260 per
1080 1204 1294 1246 somnium
1325 1202 1524 1246 divinitus
1551 1204 1786 1246 immissum
1807 1203 1963 1247 diserta
1996 1203 2193 1247 consola-

284 1282 399 1324 tione
430 1288 693 1331 recreatnm;
726 1287 774 1324 ut
813 1274 854 1342 ’ἕ
888 1278 953 1324 his
983 1277 1111 1324 rebus
1142 1279 1301 1324 faceret
1332 1293 1430 1323 cum
1462 1293 1559 1324 eum
1600 1286 1886 1337 exponentem
1927 1287 1968 1323 et
1996 1280 2040 1323 in
2071 1280 2191 1338 prin-

283 1358 425 1414 cipum
457 1356 637 1400 consilio
659 1356 764 1400 etin
836 1356 1016 1417 stione,
1044 1362 1135 1399 tum
1153 1350 1347 1406 ceteros,
1381 1356 1456 1414 qui
1476 1362 1714 1413 surgerent,
1747 1364 1940 1400 oratores
1964 1355 2007 1399 in
2030 1363 2191 1399 utram-

282 1447 367 1491 que
397 1440 564 1491 partem
596 1432 837 1491 disputante
859 1418 883 1456 ”³¹
925 1438 973 1476 nt
1001 1438 1138 1476 metus
1170 1440 1344 1491 propter
1374 1431 1591 1476 fortissimi
1621 1431 1760 1476 herois
1791 1431 2008 1476 dissidium
2040 1433 2191 1476 merito

281 1516 514 1567 conceptus
545 1523 621 1567 spe
651 1509 770 1553 lovis
800 1446 969 1570 soErio
1000 1515 1169 1552 ostensa
1201 1507 1491 1566 disjiceretnr‚
1526 1515 1566 1552 et
1605 1521 1715 1566 qnae
1745 1509 1981 1566 excogitari
2010 1516 2188 1567 possunt

283 1592 487 1628 sexcenta
528 1584 623 1627 alia.
685 1583 823 1637 Quale
853 1564 957 1633 vero
986 1584 1054 1626 hic
1091 1583 1294 1627 habemus
1325 1583 1562 1633 vinculum,
1611 1592 1809 1634 constans
1853 1584 1957 1627 illud
2000 1583 2191 1627 versibus

285 1660 540 1717 quibusdam
572 1659 741 1702 aliunde
764 1655 1045 1718 deproffi'ptis,
1078 1658 1123 1702 id
1153 1673 1273 1708 vero.
1307 1660 1343 1702 si
1373 1667 1505 1702 artem
1537 1659 1748 1716 poeticam
1779 1667 1958 1717 spectas,
1992 1667 2065 1704 aut
2093 1660 2190 1703 nul-

285 1737 372 1780 lum
402 1742 486 1785 est,
521 1741 594 1779 aut
624 1720 995 1784 consarcinatob.
1054 1733 1161 1793 Ejus
1192 1734 1303 1778 enim
1335 1749 1422 1778 non
1452 1734 1520 1778 hic
1549 1741 1736 1785 tantum,
1782 1735 1856 1779 sed
1886 1735 1985 1779 alibi
2015 1750 2190 1793 quoque

283 1824 433 1854 manus
465 1824 517 1854 eo
549 1818 611 1854 est
642 1811 895 1868 conspicua,
938 1798 1056 1866 q'hod
1089 1816 1305 1853 caementa
1337 1824 1414 1853 sua
1444 1810 1535 1853 aliis
1571 1823 1627 1853 ex
1656 1810 1762 1854 locis
1798 1810 2038 1854 subducere
2068 1810 2190 1855 solet.

284 1890 344 1931 lta
382 1887 450 1930 hic
482 1901 519 1929 v.
552 1889 578 1929 3
619 1894 661 1929 et
690 1888 720 1929 4
757 1882 815 1936 ὥς
847 1911 900 1933 ,-
930 1870 1111 1971 Ἀχῳν
1153 1900 1208 1929 ex
1239 1882 1296 1936 A,
1330 1888 1415 1930 558
1445 1900 1507 1943 sq.
1546 1893 1714 1944 sumpta
1754 1900 1848 1930 esse
1881 1888 1974 1945 ipse
2010 1888 2190 1944 Nagels-

282 1963 461 2006 bachius·
493 1963 729 2012 adnotavit,
763 1962 878 2005 unde
903 1962 1024 2004 illum
1048 1953 1345 2023 dhujnnctivos
1368 1976 1541 2020 quoque
1559 1958 1725 2019 τιμὴάῃ,
1757 1960 1879 2019 ὀλέσῃ
1911 1963 2187 2012 transtulisse.

282 2040 415 2082 multo
446 2046 511 2081 est
540 2038 809 2086 credibilius,
845 2052 972 2094 quam
1014 2023 1299 2084 aestuantis
1341 2038 1479 2081 modis
1518 2034 1718 2094 (τιμήσεί,
1751 2036 1887 2095 ὀλέσῃ)
1926 2054 2103 2084 acumen
2136 2040 2188 2083 ab

283 2130 334 2158 eo
366 2115 621 2172 quaesitum,
666 2121 739 2157 aut
767 2128 862 2157 cum
897 2111 1098 2157 Bekkero
1140 2104 1268 2159 etiam
1299 2109 1442 2156 ὀλέσαι
1472 2113 1742 2158 scribendum
1774 2129 1879 2159 esse.
1909 2114 2081 2160 Initium
2113 2130 2190 2159 au-

280 2201 364 2234 tem
384 2206 424 2234 v.
451 2194 477 2234 3
500 2205 553 2233 ex
574 2206 618 2240 υ,
646 2193 699 2232 10
729 2187 866 2232 πολλὰ
888 2187 934 2231 δὲ
958 2186 1182 2245 μερμήριζε
1201 2186 1310 2233 κατὰ
1330 2187 1483 2246 φρένα,
1506 2197 1552 2233 ut
1573 2189 1678 2234 alios
1706 2190 1825 2233 locos
1847 2198 2023 2241 taceam,
2046 2191 2185 2235 subri-

279 2270 384 2326 puit.
449 2268 502 2311 Et
548 2267 738 2325 ejusdem
784 2267 872 2309 fere
917 2266 1077 2309 farinae
1121 2281 1160 2308 v.
1203 2263 1456 2310 sea-242
1499 2280 1605 2318 esse,
1657 2267 1816 2325 quippe
1855 2280 1897 2310 v.
1930 2271 2015 2311 240
2047 2283 2101 2312 ex
2133 2271 2185 2318 A.

280 2348 379 2387 356.
415 2347 518 2392 507,
552 2358 589 2387 v.
622 2346 708 2386 242
739 2357 794 2385 ex
825 2344 873 2391 A,
907 2345 994 2385 232
1026 2343 1254 2400 repetitum
1287 2340 1378 2400 J’am
1410 2341 1705 2386 Lachmannus
1747 2350 1790 2386 et
1820 2344 2029 2402 Hauptius
2066 2353 2188 2389 nota·

281 2429 443 2464 verunt.
506 2420 704 2463 Defendit
742 2419 913 2476 quidem
945 2417 1305 2475 Naegelsbachius
1335 2433 1378 2476 p.
1414 2409 1505 2463 165Ι
1525 2433 1587 2477 sq.
1619 2420 1701 2469 ita,
1743 2426 1790 2463 ut
1830 2419 2066 2465 calliditatis
2097 2436 2189 2466 ma-

283 2512 388 2554 gnae
419 2497 501 2540 hoc
533 2511 625 2540 esse
657 2501 845 2544 moneat,
880 2494 995 2552 quod
1027 2494 1239 2539 Thersites
1271 2493 1444 2539 Achillis
1475 2494 1668 2554 partibus
1689 2496 1896 2554 susceptis
1916 2496 2054 2541 malae
2084 2512 2187 2542 cau-

286 2588 357 2616 sae
387 2573 556 2617 firmum
587 2572 785 2630 subjiciat
815 2570 1150 2614 fundamentum.
1211 2571 1306 2614 Hoc
1341 2570 1479 2629 ipsum
1510 2585 1614 2615 vero
1644 2576 1802 2630 quanto
1833 2572 1995 2617 firmius
2025 2574 2188 2624 fuisset,

285 2651 319 2693 si
364 2650 567 2693 orationis
604 2650 722 2692 initio
767 2648 1071 2692 convenienter
1115 2648 1343 2706 utrumqne
1384 2648 1714 2705 Agamemnonis
1758 2648 1801 2692 in
1839 2647 2111 2707 Chryseidem
2150 2660 2191 2695 et

281 2724 510 2768 Briseidem
549 2725 712 2768 facinus
743 2723 950 2767 exercitui
980 2723 1107 2766 fatale
1136 2723 1329 2781 pluribus
1367 2723 1544 2781 aliisque
1575 2723 1715 2767 verbis
1746 2732 2009 2774 enarrasset,
2058 2707 2189 2783 quam

284 2814 393 2856 qnae
434 2799 523 2857 jam
569 2800 830 2843 andivimus!
903 2799 1034 2851 Quod
1077 2806 1218 2842 autem
1262 2798 1415 2842 deinde
1456 2799 1555 2844 dicit
1599 2799 1801 2844 consulto
1839 2807 2012 2858 poetam
2056 2801 2191 2846 minas

283 2877 526 2932 gravissime
557 2875 609 2917 ab
639 2875 806 2918 Achille
842 2875 1139 2932 pronuntiatas
1177 2890 1291 2917 nunc
1320 2875 1537 2918 Thersitae
1579 2875 1770 2925 dedisse,
1804 2891 1891 2933 qno
1926 2878 2059 2934 magis
2088 2879 2189 2935 per'-

283 2967 389 2995 sona
419 2952 629 2994 contraria
660 2953 790 2995 risum
821 2959 1033 2999 moveret,
1065 2949 1109 2993 i'd
1140 2951 1239 2994 satis
1269 2939 1534 2999 reconditum
1562 2965 1715 2995 vereor
1742 2966 1795 2995 ne
1825 2966 2002 3009 prorsus
2032 2952 2190 2999 ahhor-

285 3036 374 3074 reat
405 3026 457 3072 ah
488 3027 571 3073 hoc
602 3035 744 3085 poma.
779 3028 851 3087 qui
872 3041 1156 3092 quaecunque
1182 3024 1293 3072 libro
1313 3027 1453 3088 primo
1484 3035 1705 3087 praeterea
1735 3027 1959 3088 leguntur.
1990 3037 2190 3077 constan-

280 3115 346 3150 ter
376 3112 449 3149 ant
488 3104 698 3162 ignoravit
739 3112 809 3148 aut
853 3103 1052 3163 neglexit.
1115 3103 1304 3149 Omnino
1347 3118 1443 3148 cnm
1484 3104 1575 3150 aliis
1606 3113 1696 3151 tum
1725 3105 2060 3163 Naegelsbacln'o
2090 3120 2187 3152 sae·
