2464 3828
529 0 679 343 X&
1077 292 1412 355 —14-'-

664 360 691 388 ι,

287 455 532 501 proponere
563 427 782 642 εοῖω
816 443 1100 502 Troianorum
1131 451 1314 493 metum,
1363 450 1405 487 et
1435 442 1593 489 addere
1630 440 1703 484 illa
1735 456 1772 485 v.
1809 444 1891 483 1¹⁷
1921 454 1982 497 sq.
2016 440 2069 483 de
2099 441 2196 497 qui-

284 517 363 560 bus
393 517 486 574 jam
517 526 633 562 recte
740 519 817 562 erit
837 518 1085 561 scholiasta:
1120 514 1334 560 ὑπόνοιαν
1363 515 1409 560 δὲ
1440 517 1588 560 δίδωσι
1617 516 1686 558 καὶ
1717 514 1810 570 περὶ
1839 512 1977 558 Ἰλίου.
2038 516 2196 558 Verum

283 594 325 637 in
358 594 553 653 pluribus
595 596 674 639 etia
715 595 840 657 ‘3lioc
879 608 1057 638 acumen
1094 595 1286 638 invenire
1315 584 1396 638 sibi
1427 594 1505 638 visi
1534 600 1633 637 sunt
1664 599 1853 642 veteres,
1902 605 2086 649 quorum
2118 590 2195 635 ad-

284 671 525 714 notationes
566 671 700 713 adscr‘
850 670 1013 729 placet,
1063 672 1267 729 quoniam
1299 671 1459 719 minus,
1507 684 1635 728 quam
1667 683 1747 728 par
1776 675 1861 721 est,
1909 681 1983 710 eos
2015 668 2088 725 qui
2119 667 2194 710 has

285 749 551 804 quaestiones
587 748 726 804 agitan
752 747 1044 791 ''scholiornm
1081 748 1288 790 rationem
1332 746 1490 790 habere
1530 746 1680 794 video,
1720 747 1763 788 in
1795 744 1951 802 quibus
1986 743 2194 801 permulta

284 823 370 881 jam
407 821 567 880 jactata
607 829 766 884 sunt,-
814 836 895 866 uae
934 821 1061 866 hodie
1104 830 1320 881 tamquam
1360 836 1473 866 nova
1512 820 1636 866 nobis
1683 820 1966 865 venditantur.
2027 816 2076 863 V.
2112 820 2194 861 110

283 897 588 939 observabatur
625 883 773 953 iy'ooesf‘j
805 898 858 941 ad
894 912 1041 941 omnes
1073 899 1262 942 Graecos
1302 899 1462 942 dictum
1499 912 1618 941 esset
1665 898 1909 953 προεπαίρει
1948 900 2038 945 τοῖς
2067 893 2195 949 ἐγκω-

279 973 414 1028 μίοις,
456 971 570 1023 ὅπως
611 896 801 1048 αἰδοῖιὲ)
835 978 1002 1029 φυγεῖν.
1035 998 1090 1006 -
1136 973 1185 1018 V.
1223 978 1304 1018 112
1334 971 1643 1030 προτρεπτικόν
1680 975 1808 1016 τοῦτο
1837 970 1945 1028 πρὸς
1973 969 2022 1014 τὸ
2052 968 2194 1026 μένειν

278 1047 381 1098 τοὺς
407 1046 611 1104 Ἀχαιούς.
672 1047 726 1092 οὐ
771 1047 839 1105 ’“ρ
869 1047 1144 1105 ἀτελεύτητον
1174 1049 1199 1093 ὅ
1230 1051 1269 1092 τί
1296 1064 1370 1093 κεν
1409 1052 1574 1107 κεφαλῇ
1604 1048 1852 1092 κατανεύσει
1884 1050 1950 1103 (Α,
1982 1046 2100 1104 527).
2141 1071 2190 1077 —

279 1125 327 1168 V.
365 1129 442 1168 115
481 1128 609 1169 τοῦτο
650 1124 698 1168 δέ
736 1142 755 1170 ε
806 1141 854 1169 εν
890 1123 1086 1181 οἰόμενος
1126 1123 1183 1177 ὥς
1219 1124 1272 1169 οὐ
1312 1127 1529 1170 πείσονται
1567 1128 1610 1169 οἱ
1627 1125 1827 1181 ’Έλληνες
1866 1127 2057 1174 δυσκλεῖς
2085 1120 2192 1166 ὑπο-

278 1199 464 1256 στρέψαι.
499 1226 549 1234 -
607 1202 652 1245 V.
690 1194 873 1265 ΙΞᾱᾲδιά
909 1204 995 1245 τῶν
1040 1201 1258 1258 ἐγκωμίων
1295 1203 1448 1258 μείζων
1485 1198 1512 1258 ἡ
1543 1202 1797 1258 κατηγορία·
1846 1200 1917 1244 καὶ
1947 1198 2012 1244 ὅτι
2055 1196 2191 1249 ἀΐδιος

278 1275 395 1320 ἔσται
424 1275 569 1329 αὐτοῖς
600 1274 624 1334 ἦ
654 1267 886 1350 ὕβριςὲτὰν
914 1279 1100 1334 πόλεμον
1131 1276 1254 1335 ἀτελῆ
1283 1280 1602 1323 καταλιποῦσιν.
1636 1304 1687 1311 -
1737 1279 1787 1322 V.
1824 1280 1905 1321 122
1935 1280 2078 1332 ταχεῖα
2107 1267 2189 1319 οὖν

277 1350 303 1409 ἡ
333 1353 449 1406 ἐλπὶς
477 1357 552 1412 τῆς
579 1356 718 1412 νίκης,
750 1356 790 1399 εἴ
811 1348 864 1412 γε
892 1355 963 1399 καὶ
1001 1356 1171 1407 πλείους
1208 1355 1277 1400 καὶ
1308 1353 1569 1413 ἰσχυρότεροι
1606 1355 1675 1399 καὶ
1707 1354 1794 1399 Δία
1832 1352 1995 1411 ἔχοντες
2025 1350 2192 1409 σύμμα-

277 1446 377 1485 χον,
408 1431 479 1474 καὶ
508 1433 583 1487 τῆς
611 1430 739 1487 ἥττης
767 1417 903 1493 nom
932 1428 959 1486 ἡ
991 1429 1182 1487 αἰσχύνη.
1209 1457 1261 1464 -
1292 1434 1381 1482 πῶς
1411 1425 1491 1475 οὖν
1520 1429 1604 1486 πρὸ
1634 1429 1780 1481 τέλους
1808 1427 2184 1486 ὑποχωρήσουσινς

279 1505 496 1550 ἐκδεκτέον
538 1501 619 1551 οὖν
657 1505 708 1551 τὸ
738 1509 812 1563 τῆς
842 1500 975 1565 μίχης
1003 1506 1146 1564 πέρας.
1178 1532 1233 1540 -
1282 1509 1329 1552 V.
1367 1511 1448 1552 ¹34
1486 1506 1572 1551 ἔστι
1610 1506 1655 1551 δὲ
1692 1505 1799 1564 πρὸς
1832 1505 1911 1563 μὲν
1939 1504 1988 1550 τὸ
2019 1503 2186 1549 ἀπιέναι

279 1581 538 1639 διεγερτικὸν
567 1580 626 1634 ὥς
655 1582 742 1626 ἐκεῖ
766 1581 1021 1638 καθημένων
1050 1581 1278 1638 ἀπράκτων
1306 1581 1464 1640 χρόνον
1492 1586 1720 1636 τοσοῦτον,
1750 1581 1859 1639 πρὸς
1887 1581 1936 1626 δὲ
1965 1580 2014 1625 τὸ
2045 1580 2186 1638 μένειν

280 1655 338 1709 ὦς
374 1661 455 1702 τοῦ
491 1661 565 1715 τῆς
594 1656 788 1709 ἁλώσεως
824 1656 985 1714 χρόσου
1022 1658 1334 1716 πληρωθέντος.
1365 1662 1425 1719 τῷ
1453 1658 1536 1715 γὰρ
1572 1657 1730 1719 δεκάτῳ
1761 1657 1842 1702 ἔτει
1869 1656 1918 1701 τὸ
1939 1657 2070 1701 Ἴλιον
2102 1656 2183 1714 ἔφη

280 1733 447 1790 Κάλχας
482 1731 733 1779 ἁλώσεσθαι.
776 1734 922 1779 ἐλπίδα
948 1734 1009 1779 Δδὲ
1048 1738 1128 1780 τοῦ
1157 1735 1303 1787 τέλους
1336 1733 1603 1792 ὑπογράφων
1633 1733 1779 1786 αὐτοῖς
1809 1732 1889 1779 οὐκ
1920 1732 2182 1791 ἐνεστηκέναι

276 1809 352 1855 τὸν
381 1810 532 1854 ἔνατον
562 1809 759 1854 ἐνιαυτὸν
788 1808 876 1855 εἷπε
908 1812 997 1867 (καί
1030 1826 1118 1856 που
1145 1815 1273 1856 τοῦτο
1303 1806 1359 1869 ἦν
1387 1810 1436 1856 τὸ
1466 1810 1639 1868 ἀληθές,
1691 1810 1831 1866 ὥσπερ
1859 1812 1927 1855 καὶ
1955 1809 2184 1861 Ὀδυσσεύς

277 1896 407 1941 φησιν
439 1884 573 1942 »ἡμῖν
602 1885 639 1929 δ’
671 1885 835 1938 εἴνατός
874 1886 962 1930 ἐστι·
990 1886 1279 1943 περιτροπέων
1309 1885 1503 1938 ἐνιαυτός
1517 1903 1540 1929 «
1573 1889 1687 1940 295),
1719 1886 1825 1930 ἀλλὰ
1845 1884 2180 1943 παρεληλύθασι,
2214 1944 2217 1947 .

275 1963 423 2017 φησίν,
470 1964 512 2005 οἱ
552 1961 674 2006 ἐννέα
713 1963 911 2008 ἐνιαυτοί.
945 1987 1000 1995 -
1033 1963 1084 2008 V.
1122 1968 1200 2008 135
1231 1966 1365 2007 ταῦτα
1395 1962 1441 2007 δέ
1472 1961 1730 2019 ἀμφοτέροις
1763 1961 1964 2021 συνᾴδει,
2010 1966 2069 2022 τῷ
2106 1961 2184 2017 μὲν

274 2036 462 2091 ἀπιέναι,
493 2039 594 2096 πρὶν
624 2041 921 2096 διαφθαρῆναι
961 2039 1105 2084 τέλεον
1138 2038 1217 2091 τὰς
1245 2042 1371 2096 νῆας,
1411 2039 1482 2083 καὶ
1510 2042 1569 2099 τῷ
1598 2038 1741 2094 μένειν
1776 2038 1821 2082 δὲ
1852 2036 1910 2090 ὥς
1939 2038 2010 2083 διὰ
2040 2037 2088 2082 τὸ
2120 2050 2185 2083 σε-

275 2114 449 2170 σηπέναι
477 2113 554 2167 τὰς
582 2119 689 2167 ναῦς
718 2115 823 2168 τέως
852 2120 972 2160 πλεῖν
1002 2115 1056 2161 οὐ
1088 2114 1351 2173 δυναμένων.
1372 2141 1424 2148 -
1458 2117 1506 2160 V.
1533 2119 1615 2160 140
1646 2115 1748 2171 ἐνῆν
1777 2117 1909 2160 εἰπεῖν
1937 2117 2180 2172 στείχωμεν·

274 2190 379 2236 ἀλλὰ
407 2195 466 2253 τῷ
496 2194 653 2253 αἰσχρῷ
684 2191 862 2250 ὀνόματι
902 2192 1127 2250 ἀποτρέπει
1157 2196 1238 2238 τοῦ
1274 2190 1484 2238 ἀπόπλου.
1547 2193 1669 2238 Vides
1700 2194 1815 2238 illam
1847 2194 1899 2237 de
1928 2191 2056 2253 μύθῳ
2085 2210 2181 2249 κερ-

273 2268 405 2329 δαλέῳ
437 2270 672 2315 doctrinam
717 2271 851 2316 multo
890 2272 1057 2330 plenius
1098 2272 1336 2329 expositam
1367 2285 1460 2315 esse
1491 2270 1543 2314 ab
1576 2271 1772 2329 antiquis.
1833 2272 1885 2315 Et
1918 2278 2058 2315 tamen
2090 2271 2181 2315 sru-

272 2355 369 2391 stra.
429 2349 592 2392 Bonam
632 2349 744 2392 enim
787 2357 948 2407 partem
980 2348 1149 2393 illarum
1182 2348 1528 2393 observationum
1565 2348 1667 2392 nihil
1708 2347 1893 2407 probare
1933 2348 2181 2407 simpliciter

273 2424 370 2467 inde
390 2425 546 2481 prodit,
582 2425 696 2481 quod
721 2441 759 2468 v.
787 2428 1030 2469 110—118.
1069 2428 1293 2468 138—-141
1322 2425 1448 2467 etiam
1480 2426 1515 2477 I,
1540 2427 1710 2467 17—28
1733 2425 1946 2482 leguntur,
1982 2424 2054 2467 ubi
2075 2425 2179 2482 quin

273 2502 383 2544 serio
415 2501 539 2557 fugae
571 2509 720 2544 auctor
751 2503 803 2544 sit
835 2504 1154 2558 Agamemnon.
1201 2501 1385 2545 dubitari
1424 2486 1582 2557 nequit.
1644 2500 1915 2557 Quamquam
1947 2500 2059 2543 haud
2090 2501 2190 2544 scio·

274 2590 325 2619 an
357 2584 469 2621 recte
499 2576 559 2620 ibi
590 2590 631 2620 v.
665 2581 836 2621 23—25
876 2578 929 2621 ab
971 2577 1260 2635 Aristophane
1297 2577 1499 2635 expuncti
1539 2576 1709 2621 fuerint.
1774 2576 1856 2621 Sed
1888 2576 2086 2621 nolumus
2117 2577 2180 2620 his

273 2654 442 2710 argutiis
472 2654 701 2698 immorari.
763 2655 977 2700 Sententia
1019 2654 1117 2704 illa,
1166 2651 1396 2710 κερδαλέον
1433 2653 1500 2698 hic
1543 2652 1595 2696 ab
1633 2656 1951 2711 Agamemnone
1993 2654 2178 2712 proponi

271 2732 438 2784 μῦθον,
478 2743 582 2773 vana
614 2738 698 2779 est,
748 2732 929 2789 primum
962 2731 1079 2789 quod
1111 2744 1321 2789 nusquam
1354 2744 1452 2774 eum
1493 2730 1618 2774 talem
1650 2743 1743 2774 esse
1773 2730 1982 2775 indicatur
2003 2751 2057 2760 —
2081 2742 2177 2773 nam

268 2804 429 2862 βουλὴν
472 2804 682 2862 γερόντων
727 2807 816 2865 jam
858 2809 1057 2865 ignorare
1106 2808 1202 2851 licet
1231 2833 1282 2841 —-
1313 2807 1674 2865 quemadmodum
1715 2806 1762 2850 fit
1797 2810 1836 2860 ζ,
1871 2809 1968 2850 148.
2000 2807 2044 2858 ξ,
2076 2809 2176 2849 459.

269 2899 311 2933 ν,
337 2886 424 2927 254
444 2898 509 2941 sq.
546 2898 587 2932 o,
611 2886 709 2927 304.
740 2890 795 2935 ψ,
823 2887 918 2928 181.
951 2901 996 2935 ω,
1020 2887 1128 2936 24ος
1164 2884 1475 2942 deinde‚⁰quod
1495 2891 1538 2928 et
1558 2884 1759 2934 orationi,
1794 2892 1840 2928 ut
1859 2883 2058 2934 vidimus,
2078 2898 2179 2941 per-

269 2958 402 3002 multa
432 2958 618 3003 admixta
650 2967 765 3008 sunt.
815 2974 925 3018 quae
955 2960 1098 3019 sugam
1120 2961 1232 3004 serio
1268 2960 1449 3005 suadere
1481 2960 1683 3012 debeant;
1719 2967 1952 3019 postremo,
1987 2959 2105 3018 quod
2135 2960 2179 3003 in

266 3042 386 3080 tanto
417 3035 583 3079 silentio
615 3036 740 3079 etiam
771 3050 947 3094 prorsus
977 3038 1215 3081 contrarius
1246 3044 1309 3080 est
1341 3045 1540 3087 eventuS‚
1584 3051 1712 3095 quam
1753 3050 1881 3094 quem
1912 3035 2070 3080 habere
2101 3035 2178 3079 de·

267 3112 365 3155 beat
403 3111 614 3170 ejusmodi
645 3111 882 3157 artificium.
944 3113 1131 3157 Omnino
1178 3114 1289 3156 enim
1321 3112 1503 3171 simplex
1534 3112 1663 3171 hujus
1694 3113 1837 3171 poesis
1866 3127 1934 3156 ars
1970 3113 2095 3156 etiam
2126 3126 2179 3154 eo
